3030 5108
446 331 672 402 REMEDIA
693 332 892 402 AMORIS.
1131 341 1195 406 101

139 506 265 596 Ardet,
284 518 326 582 st
346 507 529 584 adsuetus
548 507 660 606 Circe
676 507 844 586 decurrit
859 511 908 587 ud
926 521 1048 588 artes:

186 623 267 698 Nec
281 635 417 700 tamen
435 635 496 700 est
512 624 587 700 illis
605 637 826 703 attenuatus
845 651 960 703 amor.

139 737 234 838 Ergo
247 765 333 839 age,
347 736 525 842 quisqnis
540 766 653 842 opem
667 743 797 820 nostri
810 743 879 819 tibi
890 744 1016 846 poecis
1030 746 1079 822 ab
1092 757 1186 835 arte,

183 856 306 934 Deme
323 859 520 935 veneficiis
537 860 843 958 carminibusque
861 861 989 937 fidem.
1112 867 1187 938 290

138 971 178 1046 Si
193 983 230 1050 te
248 997 390 1050 caussa
405 987 541 1075 potens
558 975 714 1051 domini
732 976 912 1052 retinebit
928 977 968 1051 iu
988 976 1115 1068 Urbe;

181 1090 339 1191 Accipe,
360 1091 561 1168 consilium
579 1093 682 1191 quod
700 1093 751 1166 sit
769 1093 808 1167 in
828 1094 933 1168 Urbe
950 1118 1089 1170 meum.

139 1205 311 1306 Optimus
330 1207 398 1284 ille
416 1207 489 1283 fuit
505 1209 659 1296 vindex,
678 1201 857 1285 laedeutia
873 1221 1008 1309 pectus

184 1323 347 1399 Vincula
365 1326 433 1424 qui
451 1326 563 1426 rupit,
583 1327 833 1426 dedoluitque
851 1329 983 1402 semel.
1111 1333 1184 1404 294

139 1438 177 1512 Si
193 1441 252 1514 cui
269 1451 423 1516 tantum
441 1440 557 1516 animi
574 1453 647 1529 est,
667 1443 774 1516 illum
792 1442 958 1517 mirabor
974 1454 1014 1518 et
1030 1443 1132 1543 ipse:

180 1555 230 1630 Et
245 1557 387 1646 dicam,
409 1556 567 1632 Munitis
585 1583 662 1634 non
679 1571 769 1656 eget
784 1559 850 1635 ille
868 1559 977 1636 meis.

135 1670 189 1748 Tu
204 1674 307 1762 mihi,
327 1675 411 1774 qui,
431 1675 537 1776 quod
553 1701 670 1764 amas,
689 1701 788 1774 aegre
806 1677 972 1752 dediscis
990 1699 1138 1765 amare;

181 1792 215 1866 N
217 1817 261 1868 ec
279 1805 408 1892 potes,
427 1803 468 1868 et
483 1795 599 1870 velles
617 1819 743 1893 posse,
763 1793 958 1868 docendus
975 1794 1063 1868 eris

131 1907 238 2007 Saepe
256 1908 364 2006 refer·
376 1919 505 1983 tecum
522 1911 716 1984 sceleratus
734 1908 837 1984 iacta
850 1910 1011 2009 puellae3

178 2023 228 2098 Et
244 2049 347 2124 pone
366 2035 456 2099 ante
474 2026 602 2100 oeulos
621 2027 747 2101 omnia
764 2028 904 2102 damna
920 2037 1020 2102 tuos.
1105 2029 1181 2100 300

128 2140 224 2216 illud
241 2152 281 2218 et
298 2140 398 2215 illud
413 2142 544 2216 habet:
575 2165 646 2216 nee
664 2143 711 2216 ed
730 2153 910 2218 contenta
926 2141 1061 2241 rupini

175 2259 255 2334 Sub
273 2258 434 2333 titulum
452 2269 599 2333 nostros
617 2257 719 2333 misit
736 2277 847 2335 avara
864 2261 974 2334 lares.
1011 2313 1018 2328 .

154 2623 210 2672 Μ.
227 2623 259 2672 Et
271 2632 380 2672 ustum
399 2622 465 2672 circs
479 2624 583 2674 decurrit
597 2625 629 2674 ad
711 2626 743 2674 At
756 2627 775 2674 ri
789 2626 839 2688 puis
852 2625 912 2673 mele
920 2623 975 2690 sert
991 2623 1092 2686 indigne
1106 2635 1179 2685 regns

126 2698 202 2761 mss]
221 2697 333 2748 Siclibri
347 2705 451 2746 veteres.
464 2697 628 2764 plscet.reger
740 2699 832 2764 puelle.
1056 2694 1146 2743 Herus.

126 2772 263 2831 Podalirius,
277 2772 322 2838 qui
337 2771 500 2820 Philoctetam
510 2774 589 2822 morbo
598 2773 627 2822 li·
677 2771 761 2822 Posset
769 2780 795 2821 st
809 2771 865 2836 legi,
876 2771 990 2819 scalmum
998 2767 1073 2834 firrts
1088 2769 1180 2830 puelle,

125 2842 219 2905 bersvit,
228 2847 342 2896 medicus
354 2844 400 2894 luit
410 2845 510 2910 equalis
519 2845 574 2896 diis.
594 2847 626 2905 Q.
677 2845 707 2896 de
727 2847 757 2896 iis
774 2845 839 2896 euim
859 2845 909 2911 egit
930 2844 954 2893 iu
972 2842 1135 2908 sequentibut.
1153 2850 1179 2892 st

125 2920 254 2985 Smyrusrus
264 2921 322 2970 loco
333 2917 500 2986 supracitato.
533 2920 605 2968 Cros.
668 2923 777 2986 suctuct
784 2921 859 2988 furtu
874 2935 937 2986 srepe
948 2918 1012 2985 apud
1024 2918 1136 2966 Nostrum
1147 2917 1176 2968 li·

154 2996 207 3045 tel.
225 2993 627 3058 munitissimamque
675 2996 748 3046 brurii
771 3001 985 3046 commutaverunt.
1012 2991 1062 3058 uid.
1085 2991 1117 3042 sd
1141 2992 1176 3042 iv.

125 3068 180 3118 bene
197 3068 293 3132 Regius
311 3067 399 3133 reliqui
414 3066 471 3124 lere,
488 3069 625 3116 drmirrae‘s'n
674 3071 741 3120 Fert:
750 3073 807 3122 582.

124 3145 181 3193 sris.
196 3143 270 3192 mele.
286 3141 399 3190 Martias.
410 3140 444 3190 iii.
457 3142 479 3189 l.
706 3145 763 3193 ³01.
782 3144 831 3194 Nec
849 3143 876 3192 ed
892 3152 998 3192 contentu
1016 3142 1100 3204 rspind
1118 3141 1172 3206 est]

156 3217 210 3266 Plus
220 3233 277 3267 rane
286 3217 392 3280 placeat,
402 3216 494 3264 domim
504 3217 544 3278 qui
556 3225 626 3264 nctus
672 3218 779 3268 'rollstur
789 3219 888 3268 verbum
898 3217 1082 3275 substantivum,
1090 3224 1117 3265 ut
1124 3232 1175 3265 me·

182 3293 275 3345 isurbe
286 3300 330 3340 est.
365 3348 367 3354 Ι
673 3291 720 3342 lius
729 3293 842 3360 procedet
851 3290 964 3341 orationis
972 3300 1054 3342 teum:

124 3361 159 3412 sie
178 3367 281 3414 dominus
303 3379 370 3412 arcu
396 3362 510 3412 Rutilius.
541 3361 576 3412 tic
601 3369 626 3410 et
805 3363 1102 3427 Nrcsdcoutenturdpiud
1121 3361 1127 3370 ⁹

124 3437 195 3488 (imi
211 3440 354 3504 frequentet·
369 3436 556 3500 βασιλεύουσαν
574 3435 622 3486 πό·
706 3441 753 3490 dut
761 3439 858 3490 trulum
865 3450 952 3489 murce
959 3442 1099 3488 miritavura
1108 3440 1175 3487 lutet.

122 3510 168 3562 λιν.
198 3514 295 3562 Huius.
673 3515 720 3564 Sub
732 3517 828 3564 titulum
839 3517 897 3564 lures
907 3518 996 3564 mittere
1012 3523 1047 3564 est
1058 3513 1123 3563 redes
1133 3529 1174 3562 re·

150 3587 204 3638 293.
222 3589 333 3651 optimus
345 3587 386 3634 ille
392 3585 448 3650 fuit
458 3584 565 3649 viridem]
585 3584 625 3633 lta
673 3589 740 3638 cales
749 3589 903 3656 proscribere.
923 3589 969 3639 Pcr
976 3587 1073 3638 titulum
1083 3586 1175 3636 tubelle

121 3667 143 3708 et
166 3661 246 3728 scripti
253 3680 261 3722 ;
288 3661 376 3726 opinor
402 3668 483 3708 tamen
505 3674 520 3708 a
545 3657 623 3707 Nato·
672 3663 811 3729 designstur
827 3664 920 3714 sedibus
935 3663 1173 3726 sdfixs,qusstrsns·

123 3732 156 3782 uis
171 3751 243 3786 mauu
263 3752 329 3792 esse.
347 3735 446 3796 optimus
463 3733 503 3781 iile
516 3736 553 3781 wi
569 3735 622 3782 vin·
673 3747 757 3788 euntes
770 3737 865 3788 doceret
881 3736 977 3786 domum
994 3751 1046 3785 esse
1057 3733 1173 3784 reuulsus.

122 3808 166 3858 des.
186 3809 291 3876 optimus
313 3815 417 3858 assertor
432 3821 481 3856 sum
498 3805 623 3858 libertatis.
674 3815 761 3863 litterar
781 3829 822 3879 pro
840 3814 908 3862 titulo
926 3811 1028 3861 Plautus
1044 3809 1106 3858 dixit
1121 3809 1174 3858 Tri·

121 3881 205 3934 Herus.
674 3903 782 3938 nummo:
800 3890 869 3938 AEdes
885 3890 974 3937 uenales
990 3888 1054 3934 lusce
1069 3885 1174 3933 inscribit

150 3959 204 4008 299.
220 3959 344 4009 Saluum
354 3956 428 4022 sactu
438 3956 542 4020 puelle]
562 3955 622 4014 Alii,
672 3963 765 4020 litteris,
773 3960 808 4012 sic
815 3971 840 4012 et
850 3960 977 4028 mancipiis
983 3958 1108 4008 venalibus
1116 3957 1174 4006 titu-

120 4032 191 4088 wit,
203 4042 246 4080 ²¹1²
255 4035 333 4082 dictu·
368 4031 531 4088 Smtifflutt
541 4047 623 4096 regna·
672 4035 711 4086 lus
725 4036 840 4102 ejusmodi
854 4036 885 4086 de
901 4035 963 4084 collo
973 4029 1172 4098 suspendebatur,

119 4103 235 4170 eleganter
256 4105 421 4158 mehercules.
445 4105 480 4156 sic
501 4105 531 4156 de
550 4121 624 4172 regno
673 4109 704 4159 de
714 4125 762 4175 quo
773 4111 803 4160 sd
814 4109 931 4176 Propertii
940 4108 1026 4157 librum
1034 4104 1067 4156 iv.
1075 4105 1143 4170 Eleg.
1151 4123 1175 4156 r.

120 4181 229 4231 maturio
240 4197 317 4248 supra
327 4180 371 4230 lb.
395 4227 405 4243 ,
674 4183 829 4234 Pesserstius.
861 4183 952 4233 llsrus.

737 4267 788 4317 Ha
