2982 5118
368 387 433 454 514
550 463 554 472 y
657 387 697 452 P.
721 385 883 452 OVIDII
908 385 1120 454 NASONIS

371 563 437 650 Ut,
457 585 534 661 qua
550 585 675 636 remus
693 561 764 635 iter
780 561 900 660 pulsis
916 561 1028 635 modo
1044 561 1185 638 fecerat
1201 561 1325 648 undis,

421 679 555 753 Siccus
572 689 764 754 contemta
779 703 874 754 nave
892 679 1011 754 viator
1027 690 1102 752 eat.

370 794 445 880 Qui
462 795 617 870 veniunt
633 795 757 882 istinc,
775 795 839 870 vix
857 819 923 868 vos
942 818 988 869 ea
1004 794 1158 869 credere
1176 795 1331 868 dicunt:
1370 797 1415 868 35

376 958 382 971 ·
418 910 541 996 Quam
559 911 673 986 miser
689 921 762 998 est,
780 911 845 1009 qni
862 909 935 984 fert
951 910 1142 1008 asperiora
1154 911 1251 986 fidel

371 1027 497 1104 Crede
514 1040 663 1103 tamen:
693 1053 763 1102 nec
781 1038 820 1101 te
837 1051 972 1104 causas
990 1028 1136 1102 nescire
1154 1029 1336 1114 sinemus,

421 1143 585 1221 Horrida
601 1145 851 1220 Sarmaticum
869 1169 937 1220 cnr
950 1169 1054 1221 mare
1071 1145 1180 1220 duret
1196 1147 1346 1244 hyems.

371 1259 552 1337 Proxima
569 1273 658 1336 sunt
675 1262 784 1336 nobis
802 1262 957 1361 plaustri
977 1260 1186 1361 praebcntia
1202 1260 1370 1344 formam,

422 1375 473 1452 Et
490 1403 575 1477 quae
590 1377 823 1479 praecipuurn
842 1379 966 1454 sidera
981 1378 1098 1478 frigus
1116 1380 1271 1452 habent.
1370 1381 1414 1448 40

373 1491 473 1568 Hinc
490 1494 607 1569 oritur
626 1495 780 1582 Boreas,
797 1519 948 1593 oraeque
966 1495 1197 1570 domesticus
1214 1495 1304 1569 huic
1323 1504 1388 1578 est,

422 1608 474 1683 Et
491 1611 606 1685 sumit
622 1611 718 1686 vires
737 1635 761 1685 a
776 1613 949 1710 propiore
967 1614 1064 1687 loco.

370 1725 424 1800 At
442 1726 580 1816 Notus,
599 1729 757 1802 adverso
774 1728 946 1828 tepidum
959 1729 1026 1828 qui
1044 1729 1163 1828 spirat
1179 1729 1228 1802 ab
1246 1753 1332 1812 axe,

422 1841 493 1916 Est
509 1845 652 1942 procul,
672 1853 711 1919 ct
728 1867 832 1918 rarus
849 1845 1137 1943 languidiorque
1153 1845 1271 1920 venit.

372 1958 482 2032 Adde
496 1960 598 2057 quod
611 1959 672 2034 hic
687 1961 816 2036 clauso
830 1963 1034 2037 miscentur
1047 1961 1204 2037 flumina
1216 1960 1353 2044 Ponto,
1370 1961 1413 2030 45

422 2073 587 2173 Vimque
605 2075 740 2152 fretum
758 2079 878 2152 multo
896 2077 1021 2177 perdit
1038 2079 1085 2152 ab
1104 2103 1214 2153 amne
1233 2101 1353 2151 suam.

374 2187 461 2264 Huc
481 2189 619 2290 Lycus,
633 2194 706 2267 hnc
727 2195 891 2292 Sagaris
909 2195 1141 2293 Peniusque,
1156 2181 1414 2292 Hypanisque,

524 2308 737 2407 Cretesque

426 2422 568 2512 Induit,
588 2435 627 2498 et
643 2426 775 2500 crebro
791 2427 930 2502 vortice
948 2437 1067 2500 tortus
1087 2424 1229 2523 Halys:

408 2683 448 2732 ³9.
465 2681 547 2734 Sidera
557 2689 679 2748 pratentis
687 2687 792 2753 sormam
804 2690 873 2751 plan·
925 2701 1040 2742 amarum,
1060 2685 1131 2734 irnmo
1148 2684 1229 2740 dulce,
1246 2690 1271 2732 et
1289 2681 1419 2746 congelatur

375 2755 439 2820 stri]
459 2758 643 2823 Septentriones
653 2761 720 2813 dicit.
925 2767 1006 2809 contra
1017 2757 1088 2808 maris
1102 2767 1224 2818 naturam
1242 2756 1297 2806 vide
1308 2756 1418 2810 Gellium,

409 2831 449 2879 41.
467 2831 514 2882 Hic
528 2836 604 2883 oritur
615 2835 720 2899 Borean]
740 2835 769 2884 ln
780 2833 825 2883 hac
837 2849 873 2884 re·
924 2833 967 2884 lib.
978 2835 1026 2884 xvi·
1034 2849 1088 2899 cap.
1098 2835 1122 2882 u.

375 2903 445 2970 gione
462 2909 639 2972 septentrionali
656 2911 745 2959 Boreas
762 2908 874 2966 nascitur,
958 2909 997 2957 47.
1017 2907 1158 2971 anLycur
1169 2905 1274 2971 infinit]
1294 2901 1418 2968 Lycusllu·

376 2987 401 3028 et
417 2979 474 3030 flare
490 2979 574 3048 incipit
591 2983 761 3033 vehementius.
795 2983 875 3032 Nostri
926 2982 978 3032 vius
989 2982 1076 3031 labitur
1086 2981 1112 3030 in
1123 2981 1168 3030 hoc
1182 2995 1246 3030 roure
1257 2979 1387 3032 Ponticum,
1398 2987 1419 3024 et
1482 2979 1483 3042 ff

376 3053 876 3122 timorimn--Oraeqmdommianluinem
926 3055 981 3105 idco
998 3056 1146 3120 congelatur.
1186 3055 1230 3103 Est
1251 3061 1329 3102 autem
1349 3053 1419 3114 Lycur

376 3125 408 3176 Et
417 3135 454 3176 cst
464 3129 610 3194 propinquus
620 3131 677 3180 huic
693 3128 791 3195 regioni,
804 3146 875 3195 quam
926 3130 1011 3179 fluvius
1030 3128 1158 3178 Armenia.
1199 3129 1293 3180 Strabo.
1315 3133 1330 3154 “
1341 3124 1420 3177 Multi.

375 3217 422 3265 ego
433 3199 521 3250 incolo.
926 3203 1011 3268 inquit,
1024 3219 1105 3252 amnes
1123 3213 1178 3252 sunt
1197 3201 1223 3250 in
1239 3201 1366 3260 Armenia3
1381 3197 1418 3246 md

410 3276 450 3324 45.
467 3277 533 3325 Adde
546 3281 604 3340 quod
619 3280 656 3327 hic
671 3278 771 3342 clarum]
790 3276 877 3327 Scribit
926 3277 1050 3326 clarissimi
1070 3277 1154 3326 Phasis
1172 3287 1196 3324 et
1216 3277 1305 3341 Lycus,
1320 3275 1344 3322 in
1361 3287 1418 3322 marc

377 3347 523 3406 Macrobius,
533 3365 619 3415 aquarn
628 3351 743 3402 marinam
755 3367 876 3418 nunqnam
927 3349 1197 3400 Ponticnmexeuntes.”
1221 3350 1378 3414 anSngnn'a
1393 3346 1419 3392 In

377 3422 432 3487 gelu
444 3423 560 3472 contrahi.
926 3442 967 3476 ora
987 3427 1088 3476 Pontica
1104 3434 1155 3491 post
1173 3423 1290 3490 Bosphori
1308 3424 1383 3472 lauces
1398 3429 1420 3468 et

411 3497 565 3561 Vcrpoorteu.
577 3505 594 3526 “
607 3513 672 3548 snare
688 3515 826 3564 numquam,
837 3501 879 3558 ait,
928 3501 1036 3550 Rhesum
1053 3516 1155 3556 amnem,
1173 3509 1313 3565 portumque
1330 3497 1419 3560 Calpes.

378 3570 435 3634 gelu
456 3569 543 3626 durari,
560 3579 653 3622 veteres
674 3573 834 3630 crediderunt.
854 3582 880 3624 ut
929 3583 965 3624 est
979 3573 1074 3640 Sagaris
1090 3573 1185 3631 fluvius,
1195 3582 1261 3621 ortus
1273 3572 1298 3620 in
1316 3569 1420 3636 Phrygis.

379 3644 608 3710 adparetexGellio
618 3645 675 3694 xvii.
687 3649 711 3695 8.
733 3647 826 3697 Reddit
835 3647 880 3712 igi·
930 3648 1087 3712 Hypanisque.
1130 3647 1248 3713 Hypanis,
1276 3647 1360 3696 fluvius
1388 3652 1418 3692 est

380 3727 417 3770 tur
434 3734 543 3768 canuam
554 3718 663 3778 Ovidius,
675 3736 717 3770 cur
735 3722 827 3771 Pontus
844 3730 879 3772 ta·
929 3722 1033 3788 Scythia
1051 3739 1080 3772 ex
1097 3736 1185 3786 magna
1198 3720 1288 3786 palude
1304 3720 1420 3786 profluens.

379 3809 434 3843 men
445 3793 607 3858 congelascat
620 3794 677 3859 quia
686 3796 716 3844 ob
727 3795 885 3860 plurimorum
930 3805 957 3847 nt
967 3796 1037 3846 docet
1048 3796 1193 3845 Herodotus
1216 3795 1264 3842 Cra
1250 3805 1345 3858 n-trsqar
1369 3793 1419 3841 Cra·

380 3867 504 3918 fluminum
520 3883 616 3933 aquarn,
625 3869 650 3916 in
665 3884 756 3918 summo
771 3869 881 3920 innatan-
932 3869 1086 3920 temduvium
1097 3869 1128 3918 ad
1139 3861 1205 3918 oram
1213 3868 1338 3918 Ponticam
1349 3868 1421 3920 fluere,

379 3950 438 3999 tem,
446 3951 555 3992 naturam
565 3941 807 3994 marisiereamittat:
820 3945 882 3994 infra
932 3945 970 3994 hic
987 3943 1064 3994 innuit
1079 3943 1189 3994 Ovidius.
1221 3945 1274 4008 Ego
1290 3942 1348 3991 nihil
1363 3956 1419 3990 con·

385 4033 408 4067 v.
420 4019 463 4067 59-
465 4019 505 4068 64.
516 4017 570 4082 (ubi
582 4019 644 4068 vide.
647 4019 753 4082 >Eadem
764 4018 794 4068 de
806 4019 882 4070 Ponto
931 4027 1024 4084 pertum
1037 4019 1122 4067 haheo.
1158 4015 1247 4080 Κάλπις
1256 4025 1335 4066 autern
1346 4015 1422 4064 durius

381 4091 563 4175 congelascente
578 4093 772 4144 traditancrins
782 4093 883 4144 Flaccus
931 4100 967 4142 est
987 4093 1057 4159 hujus
1079 4101 1168 4142 tractus
1188 4092 1312 4142 Eustochio
1329 4087 1423 4140 scholiis

380 4164 477 4214 libr.'rv.
489 4167 622 4234 ⁷21...’sqq
625 4169 777 4218 ’.llnnnes
931 4167 1114 4233 inPeriegeten.
1147 4163 1422 4230 Ka'hqfest‘lhucydidi,

415 4239 455 4286 46.
482 4240 565 4290 Perdit
585 4247 629 4290 uim
649 4261 666 4292 ει
668 4243 734 4306 r-om]
769 4243 824 4292 Non
846 4251 882 4292 est
931 4242 992 4291 lib.¹
986 4260 1018 4292 rr.
1030 4242 1151 4307 Λάμαχος
1169 4241 1242 4306 ἐννῇ
1258 4236 1422 4306 'ripamondi
