2982 5118
341 393 408 460 Μ
632 391 673 458 Ρ.
695 387 856 456 ΟἩΠΙΙ
880 389 1093 456 NASONIS

343 565 506 642 Nomine
522 589 597 638 non
614 575 710 651 utar,
729 588 779 638 ne
795 563 1058 640 commendere
1076 563 1244 662 querele,

392 682 666 780 Quaemturque
683 681 753 756 tibi
771 682 936 756 carmine
952 680 1053 756 famo
1068 703 1166 756 meo.

343 797 446 872 Dum
463 821 548 872 mea
564 798 703 897 puppis
721 807 803 872 eret
817 797 942 872 valida
956 796 1113 872 fundate
1124 795 1266 880 mnne,
1359 795 1385 864 5

392 913 466 999 Qui
480 939 630 989 mecum
646 914 764 990 velles
780 937 943 1000 currere,
958 915 1102 1013 primus
1118 935 1216 988 eras.

342 1028 378 1103 N
381 1053 467 1118 unc,
485 1029 577 1128 quia
591 1029 782 1104 contraxit
795 1030 940 1104 vultum
956 1027 1117 1116 fortune,
1135 1025 1297 1112 recedis,

390 1145 545 1219 Auxilio
561 1155 765 1244 postquam
782 1143 858 1220 sois
874 1167 972 1243 opus
988 1167 1073 1218 esse
1090 1154 1169 1218 tuo.

342 1259 569 1336 Dissimulas
586 1261 714 1350 etiam,
732 1285 803 1336 nec
820 1285 882 1336 me
898 1259 955 1334 vis
972 1285 1084 1336 nosse
1101 1259 1233 1345 videri,

392 1377 545 1478 Quique
563 1379 624 1466 sit,
644 1378 772 1453 audito
789 1377 952 1464 nomine,
972 1375 1090 1464 Naso,
1107 1399 1233 1474 rogas.
1339 1376 1385 1444 10

341 1493 412 1568 llle
429 1519 500 1592 ego
518 1519 614 1584 sum,
626 1516 845 1593 quenquam
861 1492 1002 1568 nonvis
1019 1491 1161 1578 audire,
1178 1499 1331 1566 vetusto

390 1608 508 1684 Paene
525 1633 620 1709 puer
636 1634 753 1710 puero
766 1612 922 1710 junctus
940 1608 1129 1684 amicitis:

340 1724 411 1801 llle
428 1750 511 1823 ego,
530 1726 596 1825 qui
613 1725 756 1826 primus
773 1737 841 1801 tua
856 1726 955 1801 seria
969 1749 1082 1800 nosse
1099 1725 1283 1810 solebam,

390 1839 465 1925 Qui
481 1840 551 1914 tibi
564 1843 743 1938 jucundis
761 1843 904 1942 primus
921 1841 1056 1917 adesse
1068 1840 1189 1939 jocis:

339 1953 410 2029 llle
427 1979 498 2052 ego
514 1956 717 2044 convictor,
735 1956 932 2055 densoque
949 1957 1183 2032 domesticus
1201 1980 1299 2044 usu;
1339 1957 1382 2028 15

388 2067 460 2144 Ille
477 2092 548 2168 ego
561 2071 715 2169 judiciis
733 2072 845 2146 unica
862 2071 976 2146 Musa
991 2071 1080 2148 tuis.

339 2185 449 2260 Idem
463 2209 536 2284 ego
552 2211 650 2273 sum,
664 2187 731 2283 qui
745 2211 845 2261 nunc
859 2211 908 2262 nn
917 2187 1052 2276 vivam,
1064 2187 1222 2287 perfide,
1235 2187 1381 2272 nescis;

388 2301 492 2376 Cura
507 2301 577 2376 tibi
594 2303 644 2377 de
660 2325 737 2402 quo
755 2327 925 2402 querere
942 2306 1047 2378 nulla
1061 2304 1148 2380 fuit.

338 2417 426 2492 Sive
442 2417 496 2490 foi
513 2442 706 2518 nunquam
724 2442 845 2508 caros,
865 2420 1065 2496 simulasse
1081 2420 1234 2496 fateris:

389 2534 467 2609 Seu
483 2558 559 2610 non
574 2535 756 2632 fingebas,
771 2536 960 2612 inveniere
976 2537 1082 2612 levis.
1336 2541 1383 2608 20

338 2649 424 2738 Dic,
442 2675 525 2748 ege,
543 2651 605 2726 dic
622 2652 800 2750 aliquam,
820 2677 906 2751 quae
924 2663 964 2726 te
981 2651 1194 2738 mutaverit,
1213 2651 1332 2726 iram:

389 2764 425 2839 N
428 2790 489 2841 am
506 2767 579 2840 nisi
591 2769 697 2865 justo
712 2777 780 2842 tue
795 2778 865 2855 est,
879 2770 985 2866 justa
1001 2769 1159 2867 querela
1174 2792 1264 2844 mea
1281 2778 1353 2844 est.

339 2881 434 2967 Quae
450 2893 490 2957 te
506 2883 741 2962 consimilem
754 2909 814 2960 res
829 2908 929 2959 nunc
946 2893 1050 2958 vetat
1066 2908 1152 2958 esse
1170 2885 1315 2984 priori?

387 2999 450 3071 An
466 2999 620 3087 crimen,
638 3001 736 3100 coepi
753 3001 856 3100 quod
873 3001 988 3076 miser
1003 3023 1101 3087 esse,
1119 3001 1265 3075 voees?

340 3113 381 3188 Si
399 3113 488 3187 mihi
505 3117 618 3191 rebus
635 3139 746 3216 opem
762 3117 904 3191 nullam
920 3115 1108 3215 sectisque
1125 3115 1293 3204 serebas,
1338 3123 1383 3191 25

387 3228 565 3303 Venisset
580 3231 704 3305 verbis
717 3231 847 3307 charta
863 3242 993 3307 notata
1010 3232 1144 3306 tribus.

370 3557 832 3623 loesopueo1RoeeBsmm·
883 3565 1012 3614 oldest:
1030 3565 1054 3615 0
1069 3564 1387 3631 pertdeqnnmm

338 3629 394 3679 lint.
411 3629 542 3682 Bmmann.
560 3648 631 3697 qoem
646 3635 717 3685 vide:
733 3647 770 3686 est
786 3639 833 3687 lor·
882 3638 1310 3708 snvinm,egommillo,deqoo
1324 3645 1387 3694 nulls

337 3703 403 3753 mnlo
417 3703 556 3753 eontentim
574 3705 697 3771 loquendi,
711 3717 832 3775 umquem
882 3727 940 3761 eom
950 3713 996 3761 fnit
1006 3713 1050 3762 tini
1061 3729 1178 3777 quatere.

337 3777 678 3830 deobscnmetvillbomine.
703 3782 816 3833 lisam.
913 3785 1212 3851 ammentum]
1225 3787 1387 3855 Nisiqoereln

372 3852 411 3900 15.
421 3851 496 3900 Denso
506 3851 571 3916 m]
589 3853 717 3918 Frequenti
732 3871 832 3907 comoe-
882 3867 924 3910 ευ
940 3860 1052 3909 hebneiit
1063 3861 1156 3925 jutum
1172 3876 1272 3912 Μ
1289 3879 1385 3913 monen-

337 3923 429 3973 tndine.
880 3933 948 3982 seneli
958 3949 1065 3984 oenum.
1091 3935 1193 3990 Querela
1202 3954 1267 3986 m.
1285 3937 1346 3987 Mes
1355 3941 1386 3988 ls-

373 3997 410 4045 lo.
423 3997 477 4046 Teis
484 3999 606 4062 judiciis]
622 3999 686 4057 Quia
700 4003 735 4050 its
748 4003 779 4051 de
792 4020 830 4054 mc
880 4007 1034 4056 mentatione
1043 4009 1152 4073 nequod
1161 4025 1202 4059 me
1213 4010 1357 4062 dammis.

334 4069 470 4133 Mutus.
506 4071 581 4122 Unio·
594 4073 670 4122 Meso.
692 4075 762 4125 Solus
775 4093 830 4142 poe·
911 4082 954 4129 26.
975 4082 1075 4131 Veniunt
1090 4085 1165 4132 serbis
1181 4086 1269 4133 elsam
1286 4087 1383 4149 actm]

337 4143 565 4209 ficammpen'tm.
879 4153 1387 4212 Seltunmbaetlitemsdmeml-

282 4249 287 4256 .
372 4216 828 4288 l‘l.llleegomqoisuncosoioon.]
879 4226 957 4275 sisu.
