3020 5106
203 812 448 891 Pusarr
495 811 702 890 ovrurr
747 811 1017 890 ussurus
1150 773 1153 783 ’

453 1063 790 1196 rersrrurr

359 1387 362 1392 “
410 1375 563 1438 LIBER
596 1375 840 1450 QUARTUS.

525 1677 723 1736 -Φ-
841 1667 847 1678 .

497 1935 760 1989 mmmm.

79 2181 123 2256 Sr
144 2204 231 2279 qua
248 2177 356 2255 meis
373 2176 525 2268 fuerint,
545 2189 588 2254 ut
605 2189 729 2271 erunt,
745 2181 881 2258 vitiosa
898 2182 1050 2275 libellis,

127 2298 344 2372 Excusata
362 2319 431 2370 suo
449 2285 633 2396 tempore,
653 2298 784 2387 lector,
803 2299 924 2374 habe:

80 2412 204 2488 Exsul
223 2435 352 2499 eram,
365 2412 593 2510 requiesque
611 2413 714 2502 mihi,
727 2440 803 2489 non
820 2414 921 2490 sama
934 2417 1054 2514 petita
1067 2429 1146 2510 est;
1186 2411 1191 2418 ’

126 2530 252 2606 Mens
272 2530 427 2604 intenta
443 2529 521 2605 suis
539 2554 588 2604 ne
605 2517 701 2607 foret
718 2555 840 2629 usque
859 2530 981 2606 malis.

82 2648 166 2724 Hoc
181 2658 262 2735 est,
275 2671 349 2722 cur
359 2657 490 2722 cantet
498 2647 646 2722 vinctus
658 2671 811 2746 quoque
822 2646 1008 2746 compede
1019 2647 1151 2737 fossor,

130 2764 307 2840 Indocili
325 2786 484 2839 numero
500 2789 619 2863 quum
637 2776 750 2863 grave
769 2763 891 2838 mollit
906 2787 1025 2862 opus:
1129 2769 1153 2839 6

83 2883 231 2958 Cantet
249 2890 308 2969 et,
329 2880 494 2956 innitens
512 2883 656 2957 limosae
674 2905 816 2982 pronus
834 2904 970 2968 arenae,

129 2999 317 3074 Adverso
335 2997 484 3072 tardam
502 2999 568 3097 qui
586 3000 703 3074 trahit
719 3023 830 3074 amne
848 3008 990 3074 ratem:

84 3113 244 3215 Quique
262 3111 395 3188 ferens
413 3114 553 3216 pariter
570 3116 693 3192 lentos
712 3116 760 3190 ad
778 3126 935 3216 pectora
948 3139 1085 3204 remos,

132 3231 181 3307 In
199 3253 413 3306 numerum
429 3233 540 3331 pulsa
556 3234 711 3310 brachia
726 3245 853 3310 versat
870 3245 982 3332 aqua.
1107 3239 1153 3310 10

85 3347 230 3425 Fessus
250 3357 297 3422 ut
316 3345 492 3424 incubuit
508 3350 658 3439 baculo,
678 3374 818 3427 saxove
836 3349 980 3425 resedit

133 3464 296 3551 Pastor,
318 3463 529 3539 arundineo
547 3467 714 3541 carmine
732 3467 875 3542 mulcet
892 3489 994 3540 oves.

89 3581 300 3658 cantantis
320 3580 473 3680 pariter,
492 3583 633 3681 pariter
646 3583 735 3659 data
752 3605 873 3684 pensa
889 3583 1075 3660 trahentis

137 3697 309 3772 Fallitur
327 3697 474 3772 ancillae
492 3700 756 3800 decipiturque
774 3702 892 3776 labor.

121 3970 145 4018 7.
163 3967 280 4032 Carum]
309 3966 397 4016 Caum
418 3982 474 4017 cum
497 3969 604 4036 scriptis:
655 3972 687 4022 rit
696 3971 742 4022 hoc
753 3977 850 4034 vocat
864 3971 953 4036 equali
967 3971 1049 4022 ordine
1062 3979 1157 4020 curram

89 4042 258 4108 precedentis
269 4041 296 4091 id
307 4041 418 4105 exigent.
450 4042 541 4092 Hrrsr.
658 4045 726 4102 remi,
738 4047 803 4112 quod
819 4043 1156 4102 adnumerum,l.e.adce·

120 4119 145 4166 9.
164 4115 279 4180 ἤτω]
302 4115 375 4164 Hanc
386 4115 606 4181 Micylliemenda·
655 4120 837 4171 leusmaliebat.
871 4119 986 4170 Hastae·
1056 4135 1066 4152 ·

91 4190 180 4240 tionem
191 4189 319 4255 rescripsit
331 4189 539 4257 Burmann.quod
552 4209 605 4244 ren·
691 4197 729 4244 12.
752 4195 887 4244 Arundr'mo
907 4191 1029 4254 carmina]
1059 4187 1155 4239 Fistuloe

91 4277 129 4313 sus
140 4264 213 4314 aliter
227 4279 276 4314 non
286 4271 392 4321 constat,
400 4271 424 4313 et
430 4267 518 4328 pariter
528 4266 605 4331 requi·
656 4277 736 4319 cantu.
