3020 5106
283 417 521 484 TRISTIUM
546 419 636 486 LIB.
661 419 724 486 1v.
748 419 885 489 ELEG.
909 423 958 489 11.
1083 427 1150 492 27⁷

91 589 186 666 Haec'
204 603 281 690 ego
299 592 513 680 submotus,
534 616 611 691 qua
629 617 798 692 possum,
818 608 943 674 mente
961 599 1119 674 videbo:

140 707 281 810 Erepti
300 709 410 783 nobis
423 707 488 806 jus
507 709 623 784 habet
639 711 703 785 illa
720 711 806 786 loci.

91 823 162 898 Illa
179 850 252 924 per
269 825 475 900 immensas
494 826 679 925 spatiatur
696 827 815 903 libera
832 839 975 920 terras;

37 975 46 988 ·
139 939 188 1014 ln
206 941 351 1016 coelum
369 941 483 1018 celeri
501 941 671 1040 peruenit
690 942 755 1016 illa
771 943 881 1042 luga:
1098 952 1148 1022 60

91 1054 162 1132 llla
180 1081 291 1134 meos
309 1059 439 1132 oculos
456 1057 621 1152 mediam
639 1057 796 1135 deducit
813 1060 851 1134 iu
869 1063 1013 1150 urbem,
1132 1063 1138 1070 ’

43 1209 46 1213 ·
141 1173 344 1250 Immunes
361 1176 455 1250 tanti
474 1199 545 1250 nec
563 1175 655 1249 sinit
671 1199 755 1250 esse
772 1177 885 1266 boni;

92 1290 347 1390 invenietque
364 1277 573 1391 viamsqua
589 1316 720 1366 currus
736 1303 886 1390 spectet
902 1295 1087 1373 eburnos:

143 1407 211 1483 Sic
230 1420 337 1483 certe
355 1409 393 1482 in
411 1409 535 1508 patria
552 1431 619 1506 per
636 1408 750 1481 breve
767 1418 918 1506 tempus
937 1433 1013 1484 ero.

92 1523 195 1600 Vera
210 1536 343 1600 tamen
360 1527 522 1625 populus
540 1524 668 1623 capiet
685 1526 906 1622 spectacula
922 1525 1026 1615 felix,
1099 1531 1147 1601 65

142 1639 332 1740 Laetaque
349 1643 421 1717 erit
435 1666 602 1742 praesens
620 1665 708 1715 curn
726 1642 824 1716 duce
843 1645 955 1717 turba
972 1649 1062 1720 s'uo:

94 1755 146 1832 At
164 1758 258 1832 mihi
276 1758 434 1855 fingenti
452 1770 612 1847 tanturn,
632 1759 822 1856 longeque
840 1771 998 1848 remoto,

143 1875 315 1950 Auribus
331 1876 392 1950 hic
407 1875 552 1950 fructus
570 1874 838 1976 percipiendus
856 1877 948 1966 erit;

96 1989 224 2090 Atque
243 1991 378 2090 procul
397 1992 503 2066 Latio
519 1992 709 2066 diversum
728 1991 866 2065 missus
884 1991 923 2064 in
938 1991 1071 2066 orbern

146 2104 225 2191 Qui
242 2119 374 2181 narrat
390 2107 540 2207 cupido,
559 2107 623 2180 vix
641 2107 724 2195 erit,
744 2107 818 2180 ista
835 2105 950 2180 mihi:
1106 2113 1154 2184 70

99 2221 137 2296 Is
164 2247 324 2322 quoque
343 2225 424 2321 jam
447 2248 573 2298 serum
598 2223 734 2302 reseret
751 2233 1001 2322 veteremque
1027 2227 1155 2303 trium-

148 2338 237 2425 Quo
254 2349 386 2414 tamen
403 2341 556 2415 audiero
569 2351 751 2439 ternpore,
762 2341 873 2414 laetus
891 2363 971 2416 ero.
995 2341 1154 2442 [phum;

101 2453 173 2531 Illa
188 2456 274 2530 dies
292 2455 431 2544 veniet,
447 2479 533 2530 mea
550 2479 626 2553 qua
641 2456 816 2554 lugubria
832 2480 986 2554 ponam,
1059 2447 1062 2454 ’

152 2572 363 2670 Causaque
381 2573 526 2671 privata
542 2573 698 2672 publica
714 2575 833 2671 major
849 2574 933 2648 erit.

101 2789 248 2840 voc.multis
268 2787 384 2838 Heinsius
403 2788 506 2840 illustrat
525 2807 605 2841 exem·
654 2795 714 2841 mom
735 2791 789 2856 (ubi
812 2799 892 2840 tamen
913 2791 1012 2856 quidam
1031 2793 1085 2844 libri
1107 2799 1155 2848 lav.

102 2863 156 2928 plis,
176 2862 219 2913 alti
245 2867 315 2920 vitto,
335 2865 419 2920 multo,
440 2874 510 2922 moto,
534 2867 604 2923 ficto,
654 2869 743 2914 artimus
762 2865 858 2921 habeut,
873 2871 897 2914 et
914 2857 1028 2916 Heinsius
1043 2871 1156 2920 inueniet·

95 2942 190 3001 pratu,
201 2947 265 2994 aaa,
273 2953 322 3002 quo
333 2936 420 2988 ultimo
430 2939 547 2988 vocabulo
556 2939 607 2990 An·
654 2956 696 3004 qus
706 2943 794 2990 aditum
805 2938 908 2988 scribere
916 2937 1000 3003 jubet)
1012 2957 1067 2990 mox
1076 2945 1157 3009 seqni-

102 3020 171 3076 gusto
184 3011 300 3061 adulatus
316 3011 409 3068 luisset,
420 3013 461 3078 qui
476 3029 540 3080 sarpa
551 3013 607 3065 Jovi
655 3021 700 3072 tur,
711 3015 795 3062 Bnrm.
805 3027 860 3061 cum
869 3011 922 3062 cod.
933 3012 1044 3062 leidensi
1055 3025 1080 3064 et
1091 3018 1155 3065 mul·

102 3085 200 3136 dedan
221 3087 327 3136 laurum.
356 3085 470 3137 Hsanss.
513 3089 606 3137 Laurea
654 3086 685 3136 tis
698 3085 840 3136 aditionibus
855 3085 1027 3151 antiquioribus
1037 3086 1157 3154 rescripsit

102 3171 159 3210 voto.
182 3161 213 3210 In
230 3159 373 3227 capitolium
388 3176 462 3224 quurn
479 3170 605 3211 essetven·
647 3161 729 3228 jbga:
746 3161 809 3226 quod
828 3161 912 3210 vocab.
927 3176 968 3227 pro
984 3161 1054 3210 celeri
1070 3159 1156 3214 itinere

103 3233 444 3301 turqimperatorvictorDiis
451 3235 540 3300 gratias
549 3252 604 3285 con·
654 3234 741 3300 passim
756 3234 860 3300 ponitur.
895 3233 941 3282 Ille
954 3234 1037 3284 laudat
1048 3235 1156 3286 Gronov.

102 3312 174 3375 captis
192 3309 273 3360 verbis
294 3308 391 3373 agebat.
423 3307 484 3356 Tum
502 3307 604 3358 victime
654 3306 685 3356 ad
696 3306 887 3371 SancoThyest.
896 3308 1156 3359 629.llerc.OEt.140.

102 3384 264 3440 cedebantur,
288 3391 314 3431 et
335 3397 422 3430 corona
447 3397 528 3440 aurea,
549 3398 605 3431 cum
653 3379 1018 3446 Serv.adVirg.i.Georg.286.
1040 3384 1155 3433 Hlarus.

102 3457 207 3522 pretiosis
225 3455 350 3506 manubiis
369 3463 393 3504 et
409 3455 490 3523 spoliis
511 3457 603 3522 opimis,
687 3455 728 3504 69.
744 3453 774 3502 ln
793 3456 866 3504 orbam
885 3457 1020 3521 diuersum]
1050 3457 1081 3506 ln
1097 3458 1155 3522 Scy·

101 3533 152 3582 Joai
171 3533 327 3588 sacrabatur,
347 3539 373 3580 et
394 3531 419 3579 iu
444 3530 532 3595 gremio
553 3531 605 3596 ejus
654 3527 728 3578 thiam
743 3528 825 3594 procul
838 3527 940 3594 positam
955 3532 985 3580 ab
996 3529 1075 3588 Italia,
1088 3531 1156 3596 qnasi

101 3603 274 3673 deponebatur,
295 3604 335 3654 rel
355 3604 450 3670 templis
470 3604 603 3654 dicabatur.
655 3618 684 3652 ea
694 3603 725 3652 sit
736 3602 796 3652 alter
807 3602 877 3652 orbis.

103 3682 180 3732 Pom,
688 3678 728 3726 73.
740 3673 789 3724 Illo
800 3679 847 3727 dies
857 3679 953 3743 variet]
972 3677 1054 3729 Scriba
1064 3680 1156 3730 votus.-

129 3758 171 3807 60.
192 3754 288 3822 Fuga]
318 3749 439 3814 Quonim
464 3753 606 3814 rumorque
655 3758 692 3800 est
701 3749 764 3800 cuim
775 3750 885 3818 optantis.
909 3751 999 3804 Harae.
