2988 5116
254 386 324 452 EX
348 383 508 450 PONTO
533 378 962 448 LIB.11.EPIS'l'.lX.
1063 382 1131 448 tot·

83 561 331 660 Conspicitur
348 579 541 654 nunquam
558 554 712 630 meliore
730 554 900 652 potentia
917 577 1043 642 causa,
1084 560 1128 630 15

135 675 261 761 Quam
280 675 428 773 quoties
445 696 561 746 vanas
578 696 655 746 non
671 670 762 744 sinit
779 695 863 746 esse
881 695 1026 771 preces.

84 791 171 866 Hoc
189 793 288 866 nitor
304 791 368 864 ille
386 788 441 862 tui
459 786 609 886 generis
625 787 837 862 desiderat:
858 788 929 862 hoc
947 799 1007 863 est

135 907 172 981 A
191 905 349 1006 Superis
367 915 458 978 ortae
476 901 683 978 nobilitatis
699 926 808 1002 opus.

85 1023 172 1098 Hoc
190 1023 261 1097 tibi
280 1032 322 1096 et
337 1018 559 1119 Eumolpus,
575 1018 722 1116 generis
739 1018 968 1092 clarissimus
986 1030 1128 1107 auctor,

137 1139 190 1214 Et
206 1139 306 1238 prior
324 1137 512 1235 Eumolpo
530 1135 667 1210 suadet
685 1133 965 1209 Erichthonius
1080 1142 1130 1209 20

85 1255 173 1330 Hoc
190 1265 319 1331 tecum
336 1277 536 1328 commune
555 1252 660 1329 Deo:
681 1253 784 1350 quod
802 1262 962 1350 uterque
980 1253 1098 1350 rogati

138 1371 385 1471 Supplicibus
404 1370 538 1446 vestris
554 1369 650 1445 serre
668 1369 797 1443 soletis
815 1390 938 1466 opem.

85 1487 285 1586 Numquid
303 1487 386 1574 crit,
404 1511 522 1584 quare
541 1487 650 1578 solito
667 1486 865 1583 dignemur
882 1485 1021 1560 honore

138 1603 317 1690 Numina,
336 1603 368 1677 si
386 1604 516 1679 demas
532 1604 630 1679 velle
642 1605 775 1701 juvare
794 1601 923 1676 Daosl

86 1720 266 1821 luppiter
283 1720 403 1794 oranti
421 1721 554 1795 surdas
572 1720 604 1794 si
622 1720 791 1820 praebeat
808 1741 929 1804 aures
1080 1722 1129 1792 25

137 1835 302 1910 Victima
319 1859 386 1934 pro
404 1837 548 1935 templo
566 1860 633 1910 cur
650 1836 761 1910 cadat
778 1835 855 1910 icta
869 1833 1000 1909 Jovisl

89 1951 132 2025 Si
149 1975 284 2050 pacem
301 1951 443 2026 nullam
462 1950 607 2027 Pontus
624 1953 716 2027 mihi
734 1961 888 2051 praestet
905 1951 1020 2039 eunti,

139 2064 252 2142 Irrita
269 2065 451 2166 Neptuno
468 2092 535 2142 cur
552 2093 623 2166 ego
640 2079 726 2143 tura
742 2067 884 2142 leram?

88 2183 198 2257 Vana
214 2183 418 2258 laborantis
438 2183 469 2258 si
487 2182 593 2258 fallat
606 2194 697 2259 vota
712 2183 847 2270 coloni,

137 2298 315 2397 Accipiat
331 2298 494 2396 gravidae
511 2323 578 2374 cur
596 2299 675 2374 suis
693 2309 783 2374 exta
800 2298 946 2373 Ceres?
1082 2303 1132 2372 30

91 2413 173 2490 Nec
192 2414 299 2489 dabit
316 2414 464 2490 intonso
477 2416 653 2513 jugulum
671 2438 784 2514 caper
800 2414 926 2489 hostia
938 2411 1105 2500 Baccho,

138 2529 272 2606 Musta
288 2532 359 2608 suh
377 2531 540 2606 adducto
559 2533 590 2606 si
607 2533 706 2631 pedo
723 2532 827 2606 nulla
842 2531 974 2605 fluant.

123 2686 160 2736 18.
172 2688 192 2736 Δ
203 2687 298 2749 &sperit
307 2695 361 2736 orte
370 2688 517 2752 nobilitatis]
536 2688 587 2738 No·
669 2691 709 2738 ³0.
720 2689 823 2750 Accipiet
831 2687 940 2752 posue,
950 2684 1009 2748 lte]
1029 2683 1086 2741 Cur,
1096 2683 1131 2733 in·

88 2759 530 2825 bilitetieeDiieoriginenrduceotis.
636 2763 696 2828 quit,
717 2760 888 2810 sacfiflcehitur
906 2759 986 2808 Cereri
1012 2773 1092 2823 poree,
1113 2758 1132 2806 ei

121 2833 587 2897 Nl.Eriehthoeiua]Erichthoniue,ecu
636 2851 719 2903 preces
733 2835 889 2901 agricolarum
904 2833 1023 2882 incessum
1033 2831 1133 2882 lunden·

90 2905 587 2974 Erechtheue‚rexluiththeunrnm‚qucrn
637 2915 692 2961 tur?
726 2911 778 2960 Suis
794 2911 904 2976 made.
928 2907 1025 2957 Initium
1048 2907 1132 2956 immo·

90 2979 287 3030 nicensem
300 2979 342 3030 uhi
357 2987 588 3038 aturensium·
637 2986 703 3036 lendi
712 3001 727 3035 a
737 2984 807 3034 suillo
823 2999 908 3050 genere
918 2991 1037 3048 sumptum
1052 2979 1133 3030 existi.

90 3053 132 3118 pit.
150 3052 320 3118 edmutque,
339 3061 365 3102 et
384 3053 526 3104 Atheniensi
547 3071 589 3121 po·
637 3069 687 3110 ruet
710 3057 820 3109 Ovidius.
857 3055 932 3122 Cujus
959 3054 992 3104 rei
1015 3069 1088 3104 ceuse
1107 3054 1133 3104 in

90 3127 146 3192 pulo
164 3143 208 3194 pro
226 3143 282 3192 rege
298 3127 412 3178 tndidit:
434 3127 536 3195 ideoque
554 3128 590 3178 illi
638 3133 722 3191 Fatis,
734 3129 1131 3182 ctiullletern.lib.xv.ver.112=

90 3215 169 3252 annue
195 3199 490 3252 utmnirltthenienm
516 3211 590 3268 agrrnt
860 3208 1042 3268 potentator

91 3277 515 3342 unrorunregnoronrqneeecriflciis.
526 3278 590 3328 Vide
672 3281 753 3330 Hostia
770 3297 808 3329 uu
823 3281 929 3328 mim
943 3279 1009 3334 meri,
1030 3280 1084 3342 pale
1100 3293 1133 3327 se·

92 3349 174 3400 Netnl.
183 3349 266 3400 lihiv.
277 3354 363 3416 cept.
702 3357 849 3417 ωἰηαραηὼ

121 3427 162 3474 21.
174 3424 226 3474 Hoc
236 3434 435 3476 mmmm
445 3425 522 3489 Dete]
535 3425 588 3475 Hoc
671 3429 766 3478 Enserit
780 3439 861 3485 rostro,
879 3429 1136 3492 spempueinterceperlt

92 3508 133 3556 eet,
153 3499 198 3549 tihi
219 3513 275 3548 curn
296 3500 350 3550 D'r'u
370 3513 503 3557 commune,
524 3497 589 3564 quod
701 3506 767 3552 cnei.

91 3587 172 3638 preces
199 3571 321 3632 excuties.
339 3573 539 3640 quemadmodum
564 3582 590 3623 ot
638 3578 881 3626 Mactnbatureutem
891 3573 1072 3641 porcusCereri,
1079 3574 1135 3640 quie

92 3647 135 3697 llll·
638 3652 683 3701 hoc
695 3651 783 3700 anrroel
797 3649 904 3715 frugibus
914 3655 992 3698 nocet.
1023 3649 1136 3698 Sciebant

121 3724 164 3770 27.
185 3721 282 3770 uuum
297 3721 395 3785 pacem]
415 3710 590 3772 Nulhultrtn·
639 3727 703 3774 enirn
714 3724 816 3773 victima
833 3741 876 3791 pro
885 3722 1002 3788 quehtate
1012 3735 1135 3772 nurnrnunr

92 3795 243 3861 quilh'tetun.
277 3795 423 3846 Mutuesci.
442 3796 505 3845 Mihi
523 3795 589 3844 nevi·
639 3798 771 3849 immolari·
791 3807 816 3848 et
838 3798 876 3846 rel
904 3797 1064 3852 cadebentur,
1081 3811 1134 3861 ques

93 3869 167 3934 gutl-
639 3874 725 3921 obsum
743 3887 823 3920 eornm
844 3869 996 3920 muneribus.
1018 3875 1045 3916 ut
1064 3883 1135 3934 ceper

123 3945 166 3992 29.
179 3942 206 3990 Si
215 3941 311 4008 feliunt
330 3952 382 3992 octo
397 3943 492 4007 celoci]
514 3941 591 3991 Fallat
640 3945 733 4002 libero.
743 3945 801 4010 quia
808 3944 896 3994 ritihus
904 3951 981 3998 nocet,
993 3950 1017 3990 et
1026 3941 1051 3990 in
1060 3943 1135 3990 ornei·

93 4015 216 4077 meliorem
240 4017 315 4066 Cerea
333 4015 459 4066 nimirum:
482 4016 508 4065 in
525 4017 593 4065 Fast
639 4021 684 4070 bue
704 4017 776 4068 sacris
794 4017 900 4068 seminini
920 4015 1012 4082 generis
1031 4013 1134 4064 rictiuue

95 4087 314 4140 libiam-6452
640 4093 814 4161 potiorcssunt.

125 4163 258 4229 &pereger
271 4166 352 4228 prinis
366 4166 481 4220 duim
487 4165 590 4231 folletot
672 4169 713 4217 32.
735 4167 834 4216 ladam
859 4165 900 4213 suh
925 4161 1000 4227 pede]
1031 4165 1136 4212 Adducto

156 4238 274 4286 stalis
468 4238 558 4287 Herse.
640 4239 721 4306 scripti
742 4237 791 4288 lere
813 4253 912 4296 omnes·
933 4243 1012 4285 recte:
1036 4234 1070 4284 sic
1091 4240 1134 4286 erl·
