3020 5106
332 407 398 474 232
627 401 853 470 P.0VID11
879 401 1092 468 NASONIS

332 581 369 656 N
373 606 446 669 am,
465 601 698 677 quamquam
716 577 786 652 soli
804 585 965 676 possunt
982 575 1164 674 prodesse
1181 581 1374 674 polentae,

383 696 471 770 Non
489 694 609 794 prosit
625 693 765 794 potius,
784 694 816 766 si
835 693 922 792 quis
940 692 1076 768 obesse
1094 698 1233 790 potest.

334 810 478 912 Effugit
494 809 671 884 hibernas
687 809 855 884 demissa
872 821 1038 883 antenna
1053 805 1253 906 procellas,

384 926 555 1024 Lataque
573 925 660 1024 plus
677 925 801 1024 parvis
816 925 900 999 vela
915 923 1062 1000 timoris
1079 923 1234 996 babent.
1342 920 1392 988 10

332 1041 524 1141 Adspicis,
544 1051 586 1115 ut
602 1065 752 1114 summa
767 1051 900 1114 cortex
917 1041 1010 1115 levis
1028 1039 1175 1113 innatet
1191 1038 1306 1126 unda,

384 1154 511 1242 Quum
529 1179 642 1254 grave
660 1179 760 1230 nexa
778 1154 891 1229 simul
909 1155 1005 1229 retia
1020 1163 1166 1250 mergat
1183 1179 1293 1229 onus

334 1271 429 1348 Haec
447 1297 519 1370 ego
537 1273 581 1359 si,
601 1273 774 1360 monitor,
794 1271 960 1345 monitus
978 1270 1081 1370 prius
1099 1271 1182 1369 ipse
1200 1269 1370 1356 fuissem,

384 1385 430 1462 ln
448 1411 526 1486 qua
541 1387 747 1462 debueram
764 1385 920 1461 forsitan
938 1387 1031 1460 urbe
1048 1383 1180 1460 forem.

334 1502 437 1578 Dum
455 1513 580 1578 tecum
598 1502 688 1590 vixi,
707 1502 799 1577 dum
818 1525 879 1575 me
897 1500 990 1575 levis
1008 1523 1099 1575 aura
1115 1499 1274 1587 ferebat,
1343 1501 1389 1571 15

384 1616 477 1692 Haec
495 1642 580 1693 mea
596 1642 664 1717 per
682 1618 851 1717 placidas
869 1617 1008 1717 cymba
1024 1618 1190 1692 cucurrit
1207 1639 1341 1715 aquas.

334 1733 410 1819 Qui
427 1733 530 1808 cadit
547 1735 586 1807 in
603 1735 729 1832 plano,
749 1735 812 1808 vix
830 1735 902 1808 hoc
919 1745 1046 1809 tamen
1064 1733 1190 1809 evenit
1207 1733 1345 1832 ipsum,

386 1848 451 1922 Sic
469 1849 585 1937 cadit,
604 1860 647 1923 ut
663 1859 768 1924 tacta
783 1872 936 1947 surgere
954 1849 1075 1950 possit
1091 1850 1229 1922 humo:

334 1965 387 2039 At
403 1964 518 2040 miser
536 1965 715 2065 Elpenor,
735 1976 839 2040 tecto
856 1966 1036 2065 delapsus
1054 1967 1103 2040 ab
1121 1965 1210 2053 alto,

335 2147 339 2157 .
387 2080 569 2154 Obcurrit
586 2082 665 2179 regi
683 2080 821 2156 debilis
841 2081 974 2155 umbra
991 2105 1073 2156 suo.
1340 2083 1389 2152 20

336 2195 437 2282 Quid
455 2196 538 2286 fuit,
558 2209 601 2272 ut
617 2208 720 2274 tutas
739 2197 889 2296 agitarit
907 2197 1088 2271 Daedalus
1106 2197 1208 2286 alas3

387 2311 517 2387 learns
535 2314 738 2390 immensas
756 2314 908 2388 nomine
926 2313 1050 2410 signet
1068 2312 1214 2411 aquas?

336 2579 709 2631 mediocritataessscontentus.
737 2580 836 2630 Bsasrs.
887 2577 1215 2638 nutemlavern,etbomines
1229 2589 1334 2640 tenues;
1350 2595 1391 2644 per

334 2654 516 2704 -Praelustrio.
539 2655 658 2704 Praeclara
675 2655 743 2704 atris.
778 2657 837 2706 Plus
883 2657 1002 2717 plumbus·
1013 2669 1075 2710 vero,
1084 2661 1193 2719 potentes
1201 2652 1393 2719 designauqni,

335 2731 429 2777 timoris.
446 2729 563 2794 Majorem
575 2727 734 2778 formidinem.
886 2735 914 2777 nt
931 2727 1064 2793 plumbum,
1082 2726 1189 2791 graviore
1209 2743 1270 2777 casu
1292 2727 1393 2776 clientes

368 2803 392 2850 a.
409 2801 462 2851 lloc
483 2810 645 2868 pentametros
664 2801 768 2868 reposuit
782 2803 836 2852 Ste·
886 2801 1020 2868 praecipites
1031 2800 1128 2850 trabunt
1138 2816 1187 2865 quo
1196 2801 1291 2852 volum.

335 2872 597 2939 plumarimum
606 2873 836 2940 AdagiumErasmi,
921 2875 960 2924 19.
988 2877 1019 2924 Ar
1043 2877 1110 2924 miser
1132 2875 1257 2939 Elpeum]
1289 2876 1395 2942 Elpenor

336 2949 424 2998 Procul
433 2968 447 2997 a
458 2949 513 2998 loos
523 2960 546 2998 st
551 2950 666 3014 jislmins,
676 2965 690 3000 e
701 2949 837 2999 melioribus
886 2949 950 3016 apud
957 2948 1199 3006 Circenebrius‚dum
1206 2949 1328 3000 sociorum
1334 2960 1394 3000 stre-

335 3021 410 3072 libris.
442 3023 507 3073 Edit.
521 3025 585 3071 enim
597 3032 665 3072 vetus
677 3023 779 3088 alieque
793 3024 836 3073 de·
886 3024 950 3090 pitus
965 3023 1105 3072 abeuntium
1121 3021 1198 3079 audit,
1214 3033 1240 3074 et
1254 3025 1323 3075 abire
1338 3041 1393 3092 pro·

336 3095 435 3146 derunt:
449 3097 501 3144 Non
508 3099 836 3158 promnt:pors'osplorr'mum
886 3105 962 3164 parat,
980 3113 1067 3162 pronus
1083 3113 1097 3146 e
1115 3096 1193 3162 longis
1210 3097 1294 3162 lapsus
1312 3101 1394 3160 sodis,

335 3172 404 3218 obesse
417 3171 496 3218 solnta.
530 3167 611 3232 Atque
628 3168 743 3216 Heinsius
761 3177 836 3218 totum
886 3171 975 3222 collum
986 3171 1072 3236 fregi13
1089 3172 1187 3222 Homer.
1199 3173 1344 3239 Odyssdz

336 3241 381 3289 boc
399 3241 527 3297 distichon,
548 3248 669 3304 tamquam
685 3241 781 3290 Nasone
798 3242 835 3291 in·
922 3247 974 3302 Hic,
989 3248 1073 3294 nimius
1085 3249 1199 3309 warlus
1213 3250 1274 3304 olai,
1282 3253 1339 3312 jnss
1352 3268 1394 3312 po·

336 3312 435 3376 dignum
457 3311 548 3376 rejecit,
573 3311 656 3360 Burm.
677 3321 740 3361 recte
759 3313 836 3380 iudig-
952 3323 1006 3368 cula
1016 3323 1126 3368 damma·

337 3392 418 3440 nante,
430 3383 471 3448 qui
486 3384 567 3432 docuit
581 3383 662 3432 multis
678 3387 800 3450 exemplu,
811 3397 836 3438 et
920 3394 1009 3457 Quique
1022 3401 1052 3442 sis
1063 3397 1160 3444 asendit
1173 3397 1305 3446 wbristntis
1319 3400 1395 3448 lom.

336 3467 435 3520 potentes
455 3455 595 3520 simpliciter
615 3473 666 3506 esse
688 3457 776 3508 amicos
794 3478 835 3526 po.
886 3467 1017 3530 Etodyffi
1029 3473 1069 3518 K,

337 3537 416 3578 tentes
431 3543 459 3576 ac
476 3544 574 3591 magnus
589 3529 714 3588 amicitias,
725 3549 784 3596 quas
798 3535 835 3584 fu·
919 3541 1006 3589 Mentis
1027 3543 1099 3604 inops,
1119 3545 1237 3606 vultuque
1255 3563 1327 3602 nm,
1349 3565 1395 3596 sos

337 3601 437 3666 giendas
454 3615 504 3648 esse
521 3610 601 3649 monet
612 3601 722 3661 Ovidius,
738 3615 762 3654 et
773 3607 835 3658 hunc
951 3616 1104 3671 utilissimis,

338 3672 456 3722 antitheta
472 3673 522 3728 illa.
540 3675 609 3720 messe
628 3690 656 3722 ac
669 3681 777 3736 prodesse.
794 3681 834 3732 ba·
921 3687 1020 3748 Elpenor
1036 3691 1136 3750 pretium
1154 3695 1221 3739 triste
1240 3695 1340 3743 bibentis
1354 3697 1394 3744 lsa-

339 3745 417 3796 bnisse
431 3745 456 3792 in
473 3743 573 3799 deliciis,
589 3755 615 3794 ut
629 3747 689 3796 infra
703 3766 724 3796 v.
739 3751 806 3816 Eleg.
819 3755 835 3802 i.
950 3763 993 3810 bot.

339 3821 379 3868 66.
391 3819 423 3866 xi.
439 3819 541 3866 Metam.
552 3820 609 3868 320.
624 3821 835 3878 ii.1t1etsn.⁵12.
918 3835 957 3880 22.
976 3833 1057 3884 locrus
1073 3839 1191 3886 immotos
1209 3843 1304 3888 sossius
1319 3845 1394 3908 signet

339 3893 452 3940 llsnnss.
508 3965 534 3974 Η
849 3931 854 3939 =
884 3907 982 3970 aquosi]
1006 3908 1118 3958 Diximus
1136 3910 1167 3960 de
1186 3912 1234 3960 boo
1252 3914 1308 3964 loco
1323 3931 1395 3982 supra

373 3965 412 4012 ll.
442 3965 552 4043 Adeptus,
578 3974 604 4012 at
630 3969 736 4033 summm]
767 3973 835 4025 levis
885 3979 928 4028 lib.
944 3979 961 4028 i.
974 3981 1011 4029 El.
1022 3982 1038 4030 i.
1051 3999 1099 4031 ver.
1114 3985 1154 4034 90.
1188 3985 1314 4051 Superiori
1326 4003 1395 4038 versu

339 4045 418 4088 cortex
437 4034 497 4084 solet
516 4050 540 4082 ru
558 4051 650 4086 summa
666 4055 727 4104 aqua
745 4055 834 4112 natare,
884 4053 939 4116 lege
950 4059 1047 4118 agitarit
1059 4073 1100 4122 pro
1110 4061 1223 4122 agitaret,
1231 4071 1260 4113 ut
1270 4065 1310 4128 τῷ
1320 4067 1395 4128 signet

316 4123 383 4158 ηερ
404 4106 492 4170 mergi:
517 4115 541 4188 at
562 4109 620 4156 retia
640 4127 724 4176 magno
744 4118 834 4181 plumbi
885 4125 1166 4194 meliusidrespondeat.
1200 4133 1298 4184 Herus.

339 4181 443 4248 pondere
457 4191 529 4244 mergi
547 4181 631 4231 solent.
666 4186 711 4236 Per
732 4197 833 4242 corticem
