3030 5108
358 417 424 484 166
654 415 692 480 Ρ.
716 411 878 478 OVIDII
903 411 1115 480 NASONIS

278 667 282 674 ,
360 587 418 662 Tu
436 585 543 673 facis,
561 596 605 659 ut
621 587 784 685 spolium
801 610 849 660 ue
866 585 952 673 sim,
971 609 1045 661 neu
1062 585 1183 660 nuder
1197 588 1247 662 ab
1264 587 1337 662 illis

412 699 606 798 Naufragii
624 701 773 776 tabulas
791 701 858 798 qui
875 701 1019 801 petiere
1034 701 1122 777 mei.

362 815 494 916 thue
508 840 638 916 rapax,
655 817 873 891 stimulante
887 815 999 904 fame,
1013 815 1255 916 cupidusque
1265 817 1409 892 cruoris

411 931 689 1006 Incustoditum
707 941 837 1030 captat
853 931 950 1004 ovile
970 931 1103 1029 lupus:
1155 987 1160 998 .
1363 939 1409 1006 10

360 1045 440 1121 Aut
455 1057 498 1121 ut
514 1048 613 1121 edax
631 1048 755 1121 vultur
771 1069 909 1143 corpus
926 1044 1196 1143 circumspicit,
1215 1047 1367 1144 ecquod

413 1162 493 1237 Sub
512 1163 616 1236 nulla
632 1163 799 1260 positum
816 1185 970 1236 cernere
988 1161 1110 1260 possit
1126 1163 1263 1237 humo:

362 1278 427 1353 Sic
445 1303 531 1353 mea
547 1279 675 1353 nescio
693 1279 792 1375 quis,
811 1277 924 1352 rebus
943 1276 1153 1352 malefidus
1171 1277 1332 1365 acerbis,

412 1393 458 1468 In
476 1395 576 1470 bona
590 1404 784 1482 venturuS,
804 1393 835 1467 si
854 1404 1038 1492 paterere,
1056 1392 1139 1467 fuit.
1241 1455 1247 1470 ,

362 1508 475 1583 Hunc
493 1521 559 1584 tua
576 1533 643 1607 per
660 1507 774 1584 fortes
791 1507 909 1582 virtus
925 1508 1114 1582 submovit
1130 1507 1285 1596 amicos,
1365 1511 1409 1582 15

413 1624 528 1698 Nulla
545 1624 683 1723 quibus
701 1623 807 1698 reddi
827 1622 948 1719 gratia
964 1623 1080 1720 digua
1097 1633 1236 1721 potest.

362 1737 464 1836 Ergo
481 1761 597 1837 quam
614 1737 764 1824 misero,
783 1746 861 1812 tam
878 1759 980 1824 vero,
999 1748 1097 1812 teste
1114 1737 1307 1836 probaris:

413 1852 488 1927 Hic
506 1853 660 1950 aliquod
678 1852 826 1951 pondus
845 1852 876 1926 si
895 1851 1007 1927 modo
1025 1853 1133 1927 testis
1150 1855 1277 1928 babet.

363 1966 447 2042 Nec
465 1967 656 2066 probitate
672 1979 739 2041 tua
756 1967 859 2065 prior
876 1978 937 2040 est
954 1978 1020 2041 aut
1038 1965 1215 2062 Hectoris
1232 1991 1342 2059 uxor,

411 2083 491 2155 Aut
507 2105 634 2158 comes
652 2080 842 2155 exstincto
861 2079 1065 2156 Laodamia
1079 2083 1171 2156 vir0.
1360 2087 1409 2155 20

361 2195 420 2270 Tu
439 2198 471 2270 si
490 2196 696 2270 Maeonium
713 2207 839 2269 vatem
862 2196 992 2270 sortita
1008 2196 1158 2286 fuisses,

412 2311 625 2410 Penelopes
643 2324 746 2386 esset
761 2311 862 2386 fama
878 2313 1047 2386 secunda
1061 2323 1151 2386 tuae.

266 2451 274 2460 ’
364 2428 452 2503 Sive
470 2429 539 2503 tibi
556 2430 629 2502 boc
648 2429 779 2516 debes,
799 2427 903 2501 nulla
918 2428 983 2526 pia
998 2427 1100 2502 sacta
1116 2427 1318 2524 magistra3

413 2545 591 2644 Cumque
608 2568 706 2619 nova
722 2567 846 2620 mores
864 2553 953 2616 sunt
969 2544 1039 2618 tibi
1056 2545 1140 2618 luce
1157 2543 1255 2630 dati:

362 2761 431 2812 vibus
440 2763 634 2829 subjiciebantur.
651 2765 696 2813 llas
707 2761 799 2814 Grecis
810 2761 860 2813 Φά-
910 2759 1065 2810 cadaveribus
1075 2759 1120 2809 sibi
1130 2773 1210 2809 mam
1218 2759 1312 2824 quaerit.
1333 2760 1409 2809 loter-

361 2836 463 2902 λαγγες,
472 2837 510 2886 vel
518 2837 661 2904 aalma,
668 2839 699 2888 de
708 2837 795 2904 quibus
805 2835 860 2885 Pol·
910 2834 961 2883 leit
971 2843 1050 2884 sulem
1059 2833 1127 2892 nihil,
1137 2849 1181 2882 uec
1190 2833 1291 2882 destruit
1301 2833 1408 2883 miman-

361 2909 403 2959 lux
415 2921 440 2958 et
454 2911 603 2977 Hesychius:
622 2912 715 2962 Nonius
726 2925 822 2977 quoque
836 2909 861 2958 in
910 2907 983 2968 tium,
1001 2906 1049 2956 vid.
1059 2905 1133 2954 Arist.
1144 2905 1186 2954 lib.
1197 2905 1230 2955 vi.
1249 2907 1299 2955 Aut
1314 2917 1343 2955 at
1353 2911 1410 2956 edos

362 2984 483 3049 Poloogae.
516 2986 592 3034 Varro
604 2986 635 3035 de
649 2986 700 3034 vita
711 2984 797 3050 Populi
811 2984 861 3033 Ro·
911 2981 1001 3029 vultur.
1030 2979 1094 3030 Nam
1105 2989 1130 3028 et
1140 2979 1236 3028 vultmii
1248 2981 1410 3038 nominantur,

362 3057 436 3108 maai.
462 3059 539 3114 Quum
551 3059 636 3108 Penas
645 3059 766 3122 insutum
776 3061 862 3107 moion
912 3053 953 3119 qui
964 3061 1061 3119 captant
1075 3055 1138 3102 bous
1148 3052 1236 3110 aliens,
1247 3063 1272 3102 et
1281 3069 1312 3103 es
1323 3069 1365 3120 per
1375 3054 1410 3102 las

278 3139 281 3149 '
362 3135 456 3180 misses
476 3135 567 3188 murts,
592 3141 615 3180 ot
635 3135 741 3194 piudan
760 3134 860 3194 euplum,
912 3133 937 3174 et
947 3127 1014 3174 netes
1024 3141 1141 3193 occupare
1152 3125 1266 3176 nituntur.

362 3205 516 3253 crudelissime
525 3221 568 3267 pro
585 3205 698 3268 Pulangs's
712 3205 797 3252 earinis
810 3207 862 3253 mb-
947 3201 984 3247 12.
1002 3199 1049 3248 Sul
1059 3201 1230 3262 uallopositam
1240 3203 1409 3264 concrepuit

354 3280 464 3339 jeceram·
481 3295 524 3340 quo
541 3287 603 3326 meta
619 3279 749 3325 debilitaret
770 3287 863 3327 πωπω.
912 3273 1001 3338 bum]
1015 3275 1061 3322 Sub
1071 3277 1135 3324 nudo
1145 3273 1251 3338 Scaliger
1260 3283 1286 3323 et
1295 3275 1411 3324 edilium

362 3348 475 3406 Isidorus,
486 3349 529 3398 lib.
538 3349 587 3397 six.
598 3365 620 3398 c.
631 3351 670 3397 ll.
688 3349 791 3414 Etymol.
804 3351 862 3400 Pal·
912 3347 1042 3405 nonnulle,
1050 3363 1171 3414 perperam
1177 3365 1185 3409 ;
1195 3349 1284 3413 corpus'
1289 3349 1334 3398 sub
1343 3349 1411 3398 nulls

363 3423 426 3470 vinos
452 3421 547 3471 videtur
573 3421 707 3488 appellare:
728 3409 863 3475 'Minucius
912 3419 996 3470 tellure
1011 3421 1123 3488 positum,
1139 3429 1175 3474 est
1190 3421 1342 3471 inhumatum
1358 3437 1410 3472 cor·

364 3493 480 3543 Octavio:
499 3495 531 3542 Et
543 3513 613 3558 qaum
628 3499 658 3545 ud
673 3498 698 3546 ld
712 3499 755 3546 loci
769 3509 861 3547 mutum
912 3511 964 3560 put·

363 3577 406 3624 est,
422 3569 462 3616 uti
475 3569 590 3617 subducte
608 3573 728 3628 mucul«,
744 3575 862 3623 adoratis
946 3571 984 3618 1³.
1001 3569 1066 3618 Male
1074 3569 1164 3634 fidus]
1185 3574 1225 3619 Au
1243 3585 1290 3619 sou
1309 3570 1407 3629 rectius,

363 3643 511 3698 roboribus,o
523 3652 614 3690 tmeuo
623 3645 671 3692 lobs
682 3661 791 3708 sospem
800 3649 862 3712 qro'q-
910 3643 969 3690 male
978 3643 1056 3706 fisus?
1079 3643 1178 3692 eredens
1198 3653 1223 3692 et
1242 3643 1364 3694 confidens
1384 3659 1410 3694 ss

362 3717 461 3765 mebant.
493 3715 584 3765 limus.
912 3714 966 3765 ideo
976 3715 1263 3783 faciliusiuvaderepone
1274 3733 1329 3766 mes
1339 3719 1410 3776 bona,

397 3791 421 3838 a.
450 3789 579 3854 Naufragii
600 3789 709 3854 tubulus]
737 3791 863 3857 Reliquias
912 3789 970 3854 quia
980 3793 1089 3839 acerbam
1099 3792 1217 3840 fortunam
1227 3789 1343 3856 experior.
1362 3791 1409 3842 Sed

364 3861 481 3928 mulmgii
501 3863 565 3923 mei3
582 3862 699 3927 reliquum
718 3863 862 3915 fortunarum
912 3872 937 3912 et
947 3865 1046 3929 vulgata
1055 3864 1143 3914 servari
1153 3875 1238 3930 potest,
1249 3873 1277 3914 ut
1286 3866 1326 3922 sit.
1337 3866 1363 3914 iu
1373 3883 1410 3915 re·

363 3951 561 4001 mearumzquas
576 3951 650 4000 quum
662 3935 744 3986 Caesar
756 3953 802 3986 uon
820 3939 862 3988 ed·
910 3939 957 3988 bus
977 3941 1037 3988 meis
1054 3939 1153 3996 acerbis,
1173 3941 1260 4005 quibus
1280 3939 1340 3990 tides
1359 3941 1411 4006 ejus

362 4009 456 4068 emerit,
468 4007 514 4075 ipsi
524 4017 604 4058 tamen
615 4009 718 4058 adimere
728 4009 862 4062 nelarieco·
910 4011 1294 4070 debebatseostendere,infidm.
1322 4014 1410 4063 Busa.

363 4093 460 4142 uantur,
473 4083 861 4150 cousecusscpartesuavisdis·
947 4088 985 4136 17.
1003 4085 1131 4150 Proboris]
1156 4087 1242 4144 Probs,
1263 4088 1327 4137 bona
1344 4087 1410 4153 judi·

359 4159 432 4224 jecta
444 4157 573 4222 naufragio.
881 4163 885 4172 ’
910 4159 982 4209 caris.

399 4233 436 4282 ll.
454 4233 502 4282 Aut
512 4235 603 4282 utedos
613 4230 715 4293 aalma]
734 4229 821 4283 Vultus
831 4251 861 4285 ex
944 4235 984 4284 2³.
1002 4234 1053 4284 Slus
1064 4233 1105 4283 sibl
1116 4235 1157 4283 boc
1166 4233 1250 4297 debes]
1267 4234 1315 4283 Seu
1327 4241 1409 4284 ustura
