3064 5104
322 355 368 423 28
616 355 656 423 P.
680 353 842 422 ovmn
865 353 1078 424 NASONIS

325 529 451 605 Litore
469 539 562 628 quot
578 531 743 617 concbae,
763 541 820 604 tot
837 540 924 604 sunt
941 531 979 602 iu
997 553 1124 604 amore
1141 530 1290 606 dolores
1308 559 1316 607 :

377 646 471 731 Quae
488 647 663 746 patimur,
682 647 800 720 multo
818 647 965 746 spicula
980 646 1068 722 felle
1085 646 1252 720 madent.
1297 651 1369 722 520

329 763 444 838 Dicto
459 763 530 838 erit
546 763 621 838 isse
638 762 750 850 foras,
771 787 885 861 quam
902 773 944 837 tu
962 760 1120 837 fortasse
1138 762 1283 837 videbis
1299 791 1309 853 ;

378 880 461 954 Isse
478 879 588 967 soros,
606 889 646 954 et
662 891 700 954 te
717 880 812 954 laiso
828 880 969 966 videre,
989 889 1095 977 puta.

328 995 471 1070 Clausa
485 996 553 1070 tibi
571 995 683 1070 luerit
699 996 886 1095 promisse
900 998 1018 1094 janua
1036 1005 1169 1072 nocte:

380 1110 511 1185 Perfer
528 1122 568 1185 et
584 1112 778 1186 immundi
797 1135 937 1210 ponere
953 1135 1090 1210 corpus
1107 1111 1234 1184 humo.

326 1225 497 1301 Forsitan
514 1237 554 1302 et
569 1226 673 1300 vultu
690 1227 854 1302 mendax
873 1227 1009 1301 ancilla
1026 1226 1191 1324 superbo
1293 1230 1366 1300 525

377 1345 500 1431 Dicet,
520 1342 621 1429 Quid
639 1355 785 1419 nostres
803 1344 953 1419 obsidet
970 1344 1042 1417 iste
1058 1341 1185 1416 sores?

327 1458 506 1535 Postibus
524 1471 564 1536 et
579 1462 682 1535 durae
700 1462 864 1560 supplex
882 1459 1052 1534 blandire
1069 1457 1226 1556 puellae3

376 1575 428 1649 Et
444 1576 559 1674 capiti
576 1575 723 1650 demtos
741 1578 780 1650 in
797 1575 875 1650 fore
892 1598 992 1675 pone
1009 1597 1126 1648 rosae.

328 1689 427 1764 Cum
443 1691 555 1775 volet,
574 1690 756 1766 accedes:
785 1714 871 1764 cum
889 1701 928 1764 te
945 1689 1091 1776 vitabit,
1111 1686 1247 1762 abibis.

378 1804 551 1878 Dedecet
567 1806 750 1902 ingenuos
768 1805 883 1878 taedia
897 1805 994 1880 ferre
1011 1805 1083 1878 sui.
1298 1805 1371 1875 530

327 1917 505 2017 Effugere
523 1921 621 1993 huuc
640 1943 716 1993 non
734 1929 805 2008 est,
825 1944 943 2018 quere
960 1920 1028 1995 tibi
1046 1918 1167 2018 possit
1187 1916 1310 1990 amica

383 2033 548 2108 Diceret
575 2057 649 2108 non
666 2035 767 2110 omni
786 2045 956 2134 tempore
972 2060 1105 2110 sensus
1123 2034 1243 2108 adest.

329 2149 412 2224 Nec
430 2150 631 2224 maledicta
647 2161 739 2249 puta
757 2175 826 2226 uec
843 2153 1000 2228 verbero
1016 2153 1112 2226 ferre
1129 2150 1265 2250 puellae

377 2265 516 2364 Turpe,
535 2289 605 2340 nec
623 2267 672 2340 ud
689 2276 837 2344 teneros
855 2271 984 2344 osculo
999 2269 1095 2343 ferre
1112 2267 1243 2366 podes.

328 2379 427 2466 Quid
447 2405 571 2454 moror
587 2383 626 2455 in
644 2384 793 2482 parvis?
820 2387 966 2460 animus
984 2385 1188 2484 majoribus
1206 2382 1333 2455 instet.

376 2495 521 2595 Magna
535 2522 691 2576 conam:
718 2511 798 2576 toto
816 2513 980 2601 pectore,
999 2502 1146 2596 vulgus,
1166 2499 1270 2572 odes.
1294 2497 1367 2570 536

325 2849 419 2898 cuntur,
429 2853 457 2892 ut
468 2843 482 2892 d
493 2844 567 2902 ἅθως,
578 2845 622 2893 ror'r
635 2843 696 2900 ἅθυ,
706 2846 742 2908 τῷ
759 2844 821 2902 doe,
944 2842 1010 2892 Tecto
1021 2845 1101 2892 celum
1109 2842 1227 2904 prohibere
1236 2839 1287 2902 ouis
1296 2840 1339 2888 iste

324 2920 371 2968 τὸν
383 2919 435 2967 tides
449 2919 539 2982 ubsque
556 2937 586 2968 v:
604 2927 631 2966 ut
644 2926 668 2966 et
684 2919 730 2978 ἠῶ,
743 2920 824 2984 λαγῶ,
906 2919 1011 2982 Arguitl
1249 2913 1340 2961 Herus.

326 2989 380 3046 vlu,
395 2999 420 3038 et
438 2991 458 3037 si
474 3006 523 3055 qua
539 2990 636 3039 similia.
671 2989 751 3056 Atque
768 2990 824 3040 biuc
874 2987 995 3054 Fgoniffll
1006 2999 1104 3038 mutem.
1113 3003 1165 3054 sup.
1176 3005 1201 3036 1.
1209 2987 1294 3034 Amor.
1305 2987 1332 3033 8.

326 3071 380 3112 suut
390 3079 459 3112 cesus
468 3063 512 3120 illi,
525 3064 611 3128 quibus
619 3064 698 3112 latini
706 3063 743 3112 usi
753 3071 823 3112 suut:
909 3063 967 3112 Eece
977 3065 1032 3126 quiri
1043 3066 1083 3111 istc
1091 3072 1144 3111 tour
1153 3069 1236 3125 preter
1250 3077 1308 3108 noua
1319 3077 1371 3108 eor·

327 3145 353 3186 ut
362 3135 431 3201 Virg.
442 3136 485 3185 xii.
497 3137 554 3186 701.
572 3139 679 3191 Quaestus
690 3138 770 3192 Athos,
781 3147 823 3185 out
972 3139 1035 3184 mino
1045 3145 1106 3185 outa

326 3219 425 3274 quantur
437 3211 511 3274 Eryx.
521 3221 554 3268 et,
570 3211 659 3275 Georg.
673 3207 691 3258 i.
704 3211 763 3259 2³2.
775 3212 824 3259 Aut
940 3208 1028 3259 nour.
1246 3207 1337 3256 Burri·

327 3285 394 3340 Atto,
415 3293 457 3332 aut
477 3285 608 3346 Rhodopen.
641 3283 673 3332 Et
689 3281 728 3332 bic
749 3282 822 3333 ovid.
907 3284 965 3332 ⁶³1.
984 3283 1094 3350 Effugere
1110 3283 1164 3330 ltine
1180 3299 1226 3330 m
1243 3290 1284 3337 est,
1302 3297 1372 3344 qum

328 3357 390 3411 Quot
400 3359 516 3419 teporata
531 3358 599 3406 Atto.
626 3357 670 3404 Est
681 3355 745 3404 enim
755 3357 823 3405 Grn-
874 3359 916 3406 uti
923 3362 992 3422 possit
1001 3361 1074 3407 amico
1087 3358 1179 3413 utun,
1191 3373 1237 3404 m
1247 3357 1308 3403 omni
1316 3364 1371 3404 um·

326 3445 369 3480 cus
379 3429 482 3488 dativus,
493 3445 540 3494 quo
550 3429 589 3479 bic
600 3445 642 3495 pro
652 3428 757 3478 ablativo
767 3445 824 3480 usus
871 3432 1108 3494 manusnotat]
1130 3431 1257 3494 vulg-rum
1274 3437 1372 3484 museo,

326 3510 372 3552 est.
415 3503 486 3560 Quod
504 3513 584 3552 cutem
604 3502 699 3550 Merula
719 3501 824 3551 declinet
873 3507 942 3556 modo
951 3517 1004 3573 post
1012 3507 1041 3555 rb
1049 3507 1124 3554 dicere
1134 3513 1234 3568 ponetur
1243 3501 1373 3566 interrogo·

327 3578 403 3624 Athon
418 3578 522 3632 Athonis,
534 3574 560 3623 id
576 3575 642 3624 nullo
659 3583 765 3624 veterum
781 3593 823 3625 ex·
872 3578 943 3629 tionis
959 3589 1022 3628 note.
1055 3579 1137 3637 Quare
1153 3575 1284 3626 micutue
1298 3574 1372 3640 possit

326 3649 482 3716 emplolaoit.
516 3649 551 3698 Ut
561 3658 641 3698 auteur
653 3657 679 3698 et
692 3649 737 3698 boc
747 3650 823 3700 obiter
872 3654 959 3711 dicere,
980 3655 1015 3703 tui
1034 3653 1133 3702 tedium
1152 3649 1257 3716 capiens,
1277 3666 1308 3699 eo
1325 3665 1372 3698 oon

326 3723 473 3788 adjiciemus,
484 3724 581 3773 tradunt
596 3731 687 3773 uotam
700 3739 751 3773 esse
766 3724 821 3773 elti-
872 3729 929 3778 licet
939 3731 1002 3778 bone
1012 3728 1137 3777 molestum
1147 3725 1268 3790 effugeret
1284 3724 1372 3788 ubique

326 3797 432 3848 tudinem
443 3799 514 3864 hujus
522 3798 617 3855 montis,
624 3807 651 3846 ut
661 3798 767 3848 umbram
776 3807 822 3847 tre·
874 3803 942 3852 adeor
958 3803 1026 3852 mihi.
1044 3803 1170 3851 nonenim
1186 3803 1251 3848 omni
1268 3809 1372 3864 tempore

325 3879 448 3922 centorum
467 3871 596 3920 stadiorum
614 3871 697 3936 jaciat.
737 3873 823 3922 Cetera
873 3877 954 3926 celent
962 3887 987 3926 et
997 3875 1089 3927 veneris
1097 3874 1208 3941 cupidine
1219 3872 1311 3922 iuvent
1320 3887 1372 3921 mu·

325 3945 380 3995 vide
391 3944 455 4010 apud
466 3944 596 3993 Merulam.
630 3946 726 3993 Mrcur.
873 3950 942 4000 lieres
946 3969 954 4012 3
971 3950 1116 4016 captandum
1124 3959 1372 4014 rempmumeppe·

359 4020 417 4069 626·
430 4019 493 4073 Quid
502 4017 821 4082 mosomensem]
871 4034 926 4073 tuot
943 4021 1103 4081 concubitum,
1119 4037 1166 4072 non
1183 4019 1372 4087 inorputeodo.

324 4093 457 4148 Vaticanus
478 4092 608 4157 elegenter,
630 4095 688 4157 pots.
709 4101 737 4141 ut
757 4091 822 4158 apud
872 4096 913 4146 ubi
922 4095 1018 4160 frigent.
1036 4093 1372 4158 formularerouritete‚uffc·

325 4169 386 4220 sur.
396 4167 413 4218 i.
422 4167 499 4218 Tbeb.
510 4167 569 4218 455.
871 4181 1029 4236 gerenonem
1062 4171 1153 4220 Burri.
