2974 5100
359 353 426 422 tm
652 351 691 420 P.
715 347 879 418 ovlnn
901 347 1114 418 anoms

362 529 524 627 Quoque
541 525 660 626 magis
677 535 825 602 nostros
841 527 951 602 venia
966 527 1122 624 dignere
1141 525 1301 612 libellos,

414 643 507 718 Haec
524 643 563 718 in
579 641 776 743 procinctu
794 641 960 718 carmine
975 641 1078 718 secte
1091 641 1209 738 leges.
1355 644 1395 712 10

364 759 451 836 Stet
465 769 574 835 vetus
592 759 694 846 urbs,
713 757 804 857 ripae
821 759 945 834 vicina
961 757 1162 832 binominis
1180 755 1282 844 Istri,

414 873 604 952 Moenibus
621 887 662 952 et
677 874 804 976 positu
820 876 883 950 vix
900 875 1075 952 adeunda
1089 874 1176 949 loci.

365 993 528 1092 Caspius
546 992 749 1094 AEgypsos‚
767 993 816 1068 de
832 1015 875 1068 se
892 993 925 1066 si
942 991 1130 1068 credimus
1148 989 1254 1090 ipsis,

415 1109 615 1200 Condidit3
644 1119 683 1186 et
699 1110 850 1210 proprio
867 1112 1019 1184 nomine
1035 1107 1134 1184 dixit
1149 1129 1260 1206 opus.

365 1225 473 1302 Hanc
491 1227 591 1302 ierus
609 1227 783 1327 Odrysiis
800 1225 953 1326 inopino
971 1223 1095 1300 Marte
1113 1221 1293 1322 peremtis
1359 1223 1398 1292 lb

415 1342 541 1442 Cepit,
559 1353 599 1418 et
615 1343 654 1417 in
670 1366 798 1441 regem
815 1342 969 1418 sustulit
985 1363 1090 1416 ormo
1106 1339 1239 1414 Getes.

365 1455 436 1532 llle
454 1483 596 1534 memor
612 1458 739 1556 magni
757 1457 917 1556 generis,
933 1457 1070 1532 virtute
1087 1455 1191 1556 quod
1208 1467 1335 1552 auget,

415 1571 593 1650 Protinus
610 1574 804 1649 innumero
820 1573 939 1649 milite
957 1571 1104 1652 cinctus
1122 1573 1253 1647 adest:

364 1688 448 1766 Nec
462 1691 564 1789 prius
581 1690 777 1778 abscessit,
796 1690 929 1765 merite
946 1714 1060 1788 quum
1076 1689 1183 1764 crede
1200 1697 1397 1762 nocentum

418 1805 469 1880 Se
486 1806 596 1880 nimis
614 1805 811 1892 ulciscens,
831 1805 978 1880 exstitit
994 1805 1077 1904 ipse
1093 1828 1248 1879 nocens.
1355 1805 1400 1874 20

367 1921 419 1995 At
434 1919 515 2008 tibi,
535 1945 614 2010 rex,
634 1945 725 2010 aevo,
744 1922 867 2010 detur,
886 1921 1099 2009 fortissime,
1117 1931 1258 2006 nostro,

418 2035 577 2136 Semper
593 2037 774 2114 honorate
790 2049 941 2138 sceptro
956 2049 1085 2114 tencre
1102 2059 1229 2111 manu.

402 2261 439 2310 10.
450 2261 506 2310 Hes
514 2265 540 2312 is
551 2265 672 2326 procincte
681 2267 783 2314 comita
790 2263 862 2332 sorte
912 2263 994 2330 Cotys,
1005 2263 1037 2314 erl
1051 2277 1123 2328 quem
1136 2261 1225 2334 scripte¹
1239 2267 1278 2311 eet
1292 2261 1368 2325 elegis
1379 2261 1402 2310 9.

367 2333 449 2400 legen]
467 2335 498 2384 In
515 2335 645 2402 procinctu,
656 2337 750 2402 reptim.
783 2335 862 2388 Mete·
910 2337 966 2388 libr.
981 2337 1006 2388 ii.
1039 2335 1168 2402 Utriusque
1182 2334 1272 2385 mentio
1288 2343 1324 2384 est
1343 2333 1402 2401 epod

366 2407 441 2475 plroee
454 2423 469 2458 s
479 2409 595 2460 militibus
604 2409 630 2459 in
643 2411 733 2461 bellum
742 2411 860 2477 pmiectn-
910 2413 1030 2469 Tecitnm‚
1048 2409 1138 2460 Annei.
1150 2410 1176 2460 i's.
1186 2411 1229 2458 6⁴.
1268 2407 1403 2460 Veros'uniir

366 2482 406 2540 ris,
417 2483 458 2548 qui
472 2481 579 2534 celeriter
592 2485 681 2550 ubsque
692 2484 743 2534 ulls
751 2485 861 2536 solemni·
910 2495 954 2545 est,
965 2486 1018 2536 bec
1028 2484 1154 2550 contigisse
1163 2484 1188 2534 in
1202 2483 1247 2534 ille
1256 2484 1371 2534 Getersm
1380 2489 1402 2532 et

367 2565 417 2608 tete
434 2557 682 2624 testemoniumqnod
699 2558 724 2608 in
739 2559 862 2626 procinctu
911 2563 1071 2612 Sarmatarum
1091 2559 1227 2625 irruptione,
1243 2573 1299 2624 quet
1321 2573 1403 2608 menso·

366 2629 632 2690 dioebetnr,iem'ebent.
649 2629 862 2684 CiobbtleOret.
910 2645 976 2688 nter
995 2650 1010 2685 e
1028 2634 1115 2692 Dione,
1126 2634 1158 2684 ir.
1175 2649 1200 2699 p.
1213 2635 1272 2684 568.
1289 2649 1345 2699 sqq.
1367 2641 1404 2682 set

369 2705 486 2771 Tanquam
511 2709 537 2758 ts
560 2710 680 2771 procincto
707 2717 862 2758 ramosi
911 2711 1034 2768 Strabone,
1044 2708 1098 2758 libr.
1107 2707 1148 2758 vii.
1161 2707 1222 2758 duee
1233 2708 1350 2757 &omn
1360 2707 1403 2754 Eo

358 2779 461 2846 fame.
890 2814 892 2822 ι
911 2785 1011 2835 moute.
1044 2781 1197 2850 Rumperen
1212 2791 1249 2832 sse
1266 2781 1376 2847 AEgisnn
1392 2796 1405 2830 s

401 2855 440 2904 ll.
456 2855 513 2904 letri
527 2855 666 2920 ὸὶεοιίπὶι]
684 2855 739 2906 Istri
755 2855 864 2908 bebentis
912 2859 1004 2910 Vestali
1024 2857 1120 2908 Morte
1144 2855 1253 2924 pedes,
1273 2855 1330 2906 ride
1349 2855 1406 2905 inire

366 2926 414 2976 duo
432 2929 534 2980 nomine.
569 2930 690 2979 Danubius
706 2929 770 2979 enirn
786 2947 862 2996 nsque
913 2932 944 2982 iv.
952 2934 975 2984 t.
984 2935 1024 2984 21.
1035 2933 1220 2983 Vnnrooerss.
1246 2929 1405 2980 ffinetntelli·

367 2999 399 3048 ed
410 3001 499 3051 Axium
516 3001 629 3070 oppidum
642 3001 791 3070 edpellstnrz
808 3003 863 3054 inde
912 3007 976 3072 gitur
990 3007 1042 3057 leue
1058 3014 1084 3056 et
1097 3003 1247 3072 Apostrophe
1263 3005 1361 3070 elegans
1377 3003 1404 3053 ed

366 3091 517 3144 verensque
544 3078 575 3127 ed
601 3093 666 3128 mere
685 3078 746 3128 ister
766 3077 862 3128 dicitur.
913 3095 1028 3146 regemv.
1038 3081 1079 3130 21.
1089 3095 1142 3144 sqq.
1152 3094 1201 3144 qua
1210 3087 1281 3144 poete
1293 3077 1403 3128 historice

368 3147 440 3198 Mes.
913 3153 1039 3204 nerretioni
1048 3152 1129 3202 lumen
1142 3149 1263 3217 quotidem
1274 3159 1301 3202 et
1310 3151 1404 3202 color-

403 3223 443 3271 12.
459 3223 491 3272 Et
508 3225 584 3286 positu
601 3225 664 3290 leet]
684 3225 715 3276 Et
728 3225 803 3293 ipn'us
817 3226 863 3277 loci
913 3227 998 3278 ediert.
1010 3226 1171 3294 Grsgesm
1182 3225 1274 3276 utun.
1297 3226 1404 3276 Hense

367 3294 422 3343 situ.
438 3295 512 3345 Men.
543 3296 573 3346 In
590 3298 663 3349 erduo
677 3299 765 3350 scito
781 3315 864 3350 moso
948 3299 1241 3366 17.1tte]1texscilieet
1265 3299 1403 3366 modags

367 3365 678 3434 locoetpropeineccesso.
703 3375 782 3422 Pom.
912 3379 1007 3426 virtute.
1031 3375 1102 3436 Quod
1117 3391 1193 3442 mur
1211 3375 1310 3442 propris
1325 3376 1403 3426 veerte
1465 3387 1466 3392 ’

401 3441 694 3510 leopissAEgypm]
713 3447 862 3514 Egypsnse
912 3447 1216 3515 illemegisclernrnleeit.

366 3523 437 3582 gente
456 3515 552 3582 Cespie.
569 3533 623 3583 ques
640 3535 727 3571 nomen
747 3522 821 3587 portis
838 3531 864 3572 et
947 3522 1403 3589 18.Adest.]Cnmmegncesercitsed

367 3589 425 3640 meri
446 3587 527 3640 dedit:
550 3599 578 3641 nt
604 3601 641 3642 est
661 3603 744 3645 ettctor
763 3595 863 3655 Plinius,
912 3599 1026 3666 oppidum
1035 3605 1130 3667 ceptum
1140 3597 1245 3649 revertit.
1464 3659 1465 3668 ἵ

366 3661 452 3714 lib-ei.
478 3663 731 3732 ructemus·
740 3668 764 3719 io
775 3671 864 3721 Moesis
947 3675 985 3724 19.
997 3673 1084 3723 Merite
1098 3676 1156 3724 cede
1172 3673 1316 3739 metm]
1334 3673 1403 3723 neo

366 3735 483 3790 inerim
913 3761 984 3812 quem
1001 3746 1079 3796 meriti
1094 3745 1188 3797 luerem
1203 3757 1319 3798 nocentes
1334 3748 1402 3802 Gen.

401 3815 440 3864 lo.
457 3811 545 3880 Odrysi
562 3812 612 3862 eive
628 3811 730 3863 Odrm
745 3829 805 3880 gens
819 3816 864 3868 luit
913 3820 1031 3885 equibus
1042 3819 1155 3888 oppidum
1171 3821 1301 3888 impreviso
1315 3833 1402 3888 uptun

366 3885 473 3940 tunsio
483 3887 569 3940 nobilis
579 3897 604 3938 et
613 3893 706 3954 potens
716 3887 773 3939 binc
784 3889 863 3957 Odry-
912 3893 1019 3944 dherst:
1036 3909 1091 3943 nem
1106 3893 1137 3946 ed
1148 3911 1223 3945 unum
1233 3911 1318 3946 omnes
1327 3898 1402 3946 intere·

366 3961 416 4013 sius
425 3960 673 4030 poetisesthrecius.
699 3961 814 4014 Hsnnss.
913 3966 964 4016 mit.
1209 4013 1218 4030 ,

401 4037 442 4086 lo.
459 4035 555 4086 &bunt
568 4033 674 4102 suscepit
687 4045 770 4087 contre
783 4053 863 4104 regern
944 4044 986 4094 21.
997 4044 1029 4092 At
1045 4045 1094 4101 titi,
1105 4043 1167 4106 ree]
1184 4042 1258 4093 Nune
1274 4044 1345 4095 vertit
1361 4057 1401 4092 sors

365 4107 864 4178 'l'erseintuncinperentemqnividetur
912 4115 1401 4185 monemedregemqeirirtuteeppiden
1462 4115 1463 4146 ³

362 4181 438 4233 tuisse
457 4183 643 4244 Rhoemetalces,
665 4195 707 4237 set
727 4185 790 4238 tilius
810 4187 873 4252 ejus,
911 4189 1120 4240 Tornofinitimnsn
1131 4191 1232 4257 recepit.
