2974 5100
268 433 341 502 EX
365 432 525 501 ΡΟΝΤΟ
550 431 640 498 LIB.
665 432 736 500 111.
761 432 907 500 EPIST.
930 434 959 501 1.
1070 438 1135 502 445

93 611 142 685 Ut
157 611 290 684 minus
309 609 445 686 infesta
457 612 605 708 jaceam
623 608 787 705 regione,
806 608 957 683 labora:
1087 613 1134 684 85

139 727 295 801 Claude
311 749 381 801 nec
399 723 510 799 officii
529 747 616 824 pars
635 723 705 796 erit
722 723 800 796 ulla
815 723 883 797 tui.

91 841 233 940 Magna
251 853 357 942 pcto,¹
372 843 438 916 sed
457 850 676 915 nontamen
694 837 879 912 invidiosa
896 837 1062 935 roganti:

139 958 276 1056 thue
295 982 341 1033 ea
356 981 430 1032 nou
447 968 590 1044 tenena,
610 967 693 1031 tuta
710 955 862 1054 repulsa
880 967 946 1030 tua
963 965 1034 1030 est.

91 1073 123 1146 N
126 1099 171 1149 ec
188 1073 285 1148 mihi
304 1099 497 1162 succense,
513 1074 626 1149 toties
644 1075 676 1148 si
694 1073 859 1148 carmine
878 1083 1017 1159 nostro,

135 1189 252 1275 Quod
272 1188 378 1277 sacis,
396 1201 439 1263 ut
455 1188 582 1276 facias,
602 1201 716 1287 teque
734 1189 893 1276 imitere,
913 1213 1016 1285 rogo.
1085 1193 1136 1263 90

92 1304 270 1379 Fortibus
289 1305 460 1380 adsuevit
476 1305 629 1378 tubicen
648 1305 839 1403 prodesse,
857 1328 1002 1401 suoque

139 1421 233 1494 Dux
252 1422 351 1495 bene
367 1431 581 1520 pugnantes
599 1419 730 1493 incitat
747 1443 810 1493 ore
827 1419 937 1493 viros.
995 1501 999 1508 ,

92 1534 196 1610 Nota
210 1548 279 1611 tua
293 1546 352 1610 est
366 1535 548 1633 probitas
560 1543 775 1632 testataque
785 1543 936 1633 tempus
951 1533 989 1606 in
999 1558 1132 1610 omne:

140 1651 204 1726 Sit
220 1651 340 1726 virtus
358 1651 472 1726 etiam
488 1675 563 1724 non
581 1650 768 1751 probitate
786 1648 916 1722 minor.

93 1764 181 1840 Non
191 1766 263 1842 tibi
274 1765 483 1840 Amazonia
492 1776 551 1840 est
564 1789 632 1864 pro
643 1789 703 1838 rne
717 1765 899 1838 sumenda
916 1765 1070 1852 securis,
1087 1768 1135 1839 95

140 1881 222 1955 Aut
240 1881 372 1957 excisa
387 1881 459 1960 levi
477 1882 580 1981 pelta
596 1879 762 1978 gerenda
778 1903 904 1954 manu.

94 1997 248 2072 Numen
267 1996 498 2072 adorandum
516 2007 596 2085 est;
616 2021 691 2070 non
710 2006 752 2068 ut
769 1993 860 2068 mihi
878 1993 944 2068 fiat
961 1993 1134 2083 amicum,

141 2113 223 2188 Sed
241 2112 293 2187 sit
311 2123 355 2186 ut
373 2110 520 2199 iratum,
539 2135 654 2209 quarn
672 2109 741 2185 suit
755 2120 854 2199 ante,
871 2110 1007 2184 minus.

94 2228 226 2304 Gratia
243 2229 276 2302 si
295 2229 399 2304 nulla
416 2238 486 2316 est,
506 2229 682 2327 lacrymae
699 2227 768 2301 tibi
787 2225 907 2324 gratia
922 2226 1036 2300 fient:

141 2342 227 2419 Hac
246 2353 372 2444 potes,
392 2355 457 2419 aut
473 2345 589 2432 nulla,
607 2352 715 2443 parte
732 2365 880 2418 movere
900 2341 1015 2416 Deos
1067 2345 1137 2416 100

124 2651 164 2699 86.
176 2649 269 2701 clauda
282 2666 323 2699 nec
337 2647 407 2714 officii
420 2667 473 2712 perr
485 2653 529 2700 erit
542 2653 593 2700 utto
643 2666 740 2702 uxorem
758 2658 841 2716 sponte
856 2648 981 2700 incitatam
998 2647 1070 2700 etiam
1085 2649 1138 2701 hor·

94 2723 148 2788 tei]
172 2723 246 2774 Omni
264 2739 296 2773 ex
316 2732 383 2789 parto
403 2723 534 2788 perfectum
549 2724 593 2774 erit
641 2723 695 2774 tari.

93 2799 194 2848 officium
204 2805 284 2849 mum.
674 2799 715 2848 91.
732 2799 768 2846 Sit
785 2800 860 2846 vivero
876 2801 944 2847 num
965 2815 1011 2846 m
1028 2800 1139 2860 protum

124 2872 165 2920 87.
175 2871 220 2921 Sed
232 2889 280 2921 που
296 2881 372 2920 umen
388 2873 497 2921 invidum
508 2888 592 2937 rogan·
642 2872 736 2936 γηίνων]
749 2871 839 2920 Verane
849 2869 932 2920 morito
940 2879 1063 2936 suspectus
1073 2872 1140 2923 mihi.

94 2944 131 3008 ri]
147 2944 196 2994 sed
211 2953 295 2994 tamen
310 2944 402 2994 nullam
419 2945 462 2994 tibi
479 2945 594 2995 invidiam
643 2945 734 2996 Harsa.
768 2944 869 2994 Videtur
886 2953 967 2994 mmen
985 2953 1086 3009 purgttu
1101 2945 1136 2994 ia·

93 3027 117 3066 et
132 3015 341 3076 detrectationem,
357 3033 400 3068 eeu
417 3018 498 3068 odium
515 3019 594 3068 conci·
643 3018 707 3068 cilis.
743 3017 888 3076 Probitatrm,
899 3018 924 3067 id
934 3026 970 3068 est
980 3033 1056 3068 mores
1067 3027 1092 3067 et
1101 3019 1137 3068 11-

93 3089 188 3140 latura.
643 3091 732 3142 tectum
746 3092 845 3153 laudat5
861 3095 977 3150 oirtuum,
988 3093 1013 3142 rd
1026 3101 1063 3142 eet
1072 3093 1138 3142 forti*-

125 3166 168 3214 88.
181 3165 258 3228 ‘thue
269 3181 296 3213 eo
304 3182 350 3213 non
361 3165 456 3229 terreae]
473 3167 505 3215 Et
512 3181 595 3230 quam·
644 3165 751 3218 tudinem
761 3167 910 3232 aliquantum
920 3165 1051 3216 desiderat:
1065 3166 1091 3216 id
1101 3167 1139 3218 at-

94 3237 129 3286 ris
146 3255 194 3287 non
213 3237 323 3288 obtineas
340 3251 394 3304 qua
408 3254 450 3304 pro
468 3255 507 3289 me
522 3247 596 3304 petes.
645 3240 753 3292 vtrrrrar
767 3241 832 3307 quod
846 3239 973 3306 precessit,
984 3250 1036 3290 tuto
1048 3244 1140 3303 repeton

96 3311 156 3361 Tora
168 3314 262 3375 repulso
280 3321 323 3360 tur
340 3324 381 3362 err.
407 3312 433 3362 Si
447 3312 558 3378 rejicierir
571 3329 596 3362 re
644 3325 686 3364 tur
703 3325 751 3365 ert:
767 3313 891 3380 sequentia
903 3331 958 3364 vero
975 3314 1079 3379 apertius
1094 3316 1138 3366 de·

93 3384 189 3443 iniecta,
204 3386 265 3436 nilnil
279 3386 312 3435 ob
326 3385 351 3435 id
366 3386 410 3436 tibi
427 3385 484 3436 mali
503 3385 595 3436 contin·
644 3391 752 3452 clarent,
768 3389 829 3440 illud
846 3388 974 3456 precipue,
991 3389 1054 3445 Quid
1070 3395 1139 3454 mpi-

93 3468 142 3523 get.
643 3465 692 3520 dar,
703 3473 725 3512 et
736 3465 800 3512 adire
811 3466 882 3512 timer.
971 3485 972 3488 ¹

125 3535 168 3583 90.
183 3534 216 3584 Ur
223 3533 376 3600 sociaequod
384 3533 473 3599 sacia]
493 3534 528 3584 Ut
538 3533 595 3583 mihi
676 3537 718 3585 96.
730 3537 779 3584 Aur
794 3537 857 3598 petto
872 3535 965 3600 accim]
983 3535 1035 3586 Aut
1046 3545 1140 3586 scutum

94 3607 225 3672 opitulerir,
238 3605 441 3672 quemadmodum
453 3606 520 3656 facin.
540 3607 596 3655 ‘'Te·
645 3609 676 3660 ad
697 3610 875 3661 similitudinem
895 3611 958 3661 lunre
976 3612 1027 3677 jam
1047 3611 1140 3670 mdia,

92 3699 136 3744 qne
151 3685 248 3731 inrisere.
269 3683 304 3730 Et
318 3697 375 3746 rogo
390 3681 473 3738 etim,
492 3691 519 3730 ut
535 3680 595 3731 velie
645 3701 693 3751 quo
702 3677 835 3741 Amanonee
843 3687 982 3736 utebantur.

95 3769 171 3804 morer
187 3765 212 3804 et
230 3763 344 3805 naturum
360 3764 425 3804 tuam
440 3753 596 3820 imitarique
677 3759 719 3808 97.
728 3759 820 3808 Numen
827 3761 970 3810 mamam
980 3759 1032 3822 ern]
1041 3759 1138 3812 Pernu·

94 3829 155 3877 rolee
169 3837 251 3912 {ponte
267 3844 362 3895 semper
376 3828 406 3880 de
416 3828 525 3879 omnibus
534 3829 595 3878 bene
645 3849 710 3890 men,
722 3833 857 3898 Augrrstum
871 3833 985 3898 intellige.
1007 3833 1085 3882 Docet
1095 3848 1139 3882 ιιι-

95 3915 188 3951 meren.
645 3906 1059 3972 remqnidabuxorenerideoerr.
1092 3917 1093 3922 ’

126 3977 167 4025 91.
182 3976 292 4026 For-tibur
311 3975 414 4024 aarum
435 3977 525 4026 tubicen
541 3993 595 4039 pro-
677 3982 718 4031 99.
729 3981 847 4044 lacryma
858 3981 900 4029 tibi
914 3975 1079 4044 pamfimo]
1096 3976 1138 4026 In-

95 4049 173 4113 dara]
195 4047 408 4108 Quemadmodum
428 4048 454 4098 in
473 4049 537 4100 bello
558 4057 596 4100 tn·
645 4053 720 4120 cipias
745 4053 856 4118 lacrymis
886 4051 949 4118 apud
976 4053 1139 4117 imperatorem

95 4122 165 4174 bicen
174 4133 248 4174 cantu
258 4123 333 4173 fortes
344 4121 431 4172 milites
441 4123 559 4182 accendit,
571 4132 596 4172 et
646 4141 723 4192 agera,
741 4141 794 4191 qum
809 4136 879 4175 erunt
896 4125 948 4174 loco
967 4121 1064 4189 gratia:
1081 4131 1138 4172 tunc

95 4195 171 4246 bonne
189 4198 263 4248 etiem
280 4197 409 4262 imperator
422 4198 527 4248 oratione
547 4197 596 4248 ι1ι·
646 4201 709 4250 enim
719 4201 826 4249 flectetur
837 4198 868 4247 ed
879 4196 1067 4254 misericordiam,
1075 4203 1101 4245 et
1110 4211 1139 4246 eo

95 4269 181 4322 etium
197 4272 294 4322 reddit:
312 4271 348 4320 sic
365 4286 391 4320 re
407 4270 467 4340 dicit
483 4289 512 4322 eo
528 4271 597 4322 modo
647 4271 807 4340 pactoomnia
817 4287 871 4337 que
882 4270 954 4328 voles,
964 4269 1089 4320 obtinebis.
