3064 5104
327 263 351 328 u
620 263 660 328 P.
682 259 847 328 ovmn
870 261 1083 332 NASONIS

331 435 504 524 Decidit3
534 445 650 533 atque
667 435 821 522 cadens,
836 435 963 522 Pater,
976 437 1001 508 d
1013 447 1133 534 pater,
1149 437 1307 526 auferor,
1322 441 1377 514 in·

382 551 613 625 Clauserunt
628 551 767 624 virides
785 573 851 624 ora
866 550 1057 648 loquentia
1076 573 1197 650 aquae.
1266 557 1377 652 [quit.

330 664 383 739 At
401 677 509 764 pater
526 667 669 754 infelix,
684 669 765 764 jam
782 689 858 740 non
876 675 995 764 pater,
1016 665 1134 754 lcare,
1154 667 1304 756 clamat,

382 781 501 866 Icaro,
520 775 672 868 elamat,
692 783 756 856 ubi
774 781 842 856 esl
869 803 993 878 quove
1010 783 1082 854 sub
1099 805 1171 856 axe
1188 784 1317 858 volas?

333 895 453 984 lcare,
472 897 682 972 clamabat:
711 917 855 994 pennas
873 896 1051 994 adspexit
1068 897 1107 970 in
1123 899 1247 972 undis.
1330 903 1379 973 95

382 1011 483 1086 Ossa
500 1014 595 1110 tegit
612 1012 745 1100 tellus;
774 1035 928 1109 aequora
945 1033 1081 1086 nornen
1099 1013 1251 1087 habent.

331 1125 419 1200 Non
435 1129 558 1227 potuit
576 1125 703 1201 Minos
722 1125 882 1200 hominis
900 1149 1142 1224 compescere
1158 1151 1325 1225 pennas:

382 1243 472 1341 lpse
490 1243 615 1319 Deum
634 1244 823 1318 volucrem
840 1243 1049 1317 detinuisse
1067 1265 1171 1340 paro.

333 1356 499 1448 Fallitur,
520 1358 738 1434 Haemonias
756 1360 788 1432 si
807 1359 894 1456 quis
911 1359 1076 1434 decurrit
1093 1359 1139 1432 ad
1159 1369 1279 1447 artes;

381 1475 546 1573 Datque,
566 1478 669 1574 quod
687 1475 843 1550 ateneri
861 1475 983 1548 fronte
1006 1475 1159 1549 revellet
1175 1475 1277 1570 equi.
1309 1477 1380 1546 100

334 1588 422 1663 Non
439 1591 591 1676 facient,
611 1601 654 1665 ut
670 1591 771 1666 vivat
788 1615 904 1678 amor,
924 1588 1124 1664 Medeides
1142 1589 1289 1662 herbe:

382 1703 583 1803 Mixtaque
601 1729 688 1780 cum
707 1707 863 1801 magicis
881 1705 1004 1780 noenio
1022 1703 1151 1778 Marsa
1169 1705 1283 1776 sonis.

332 1816 492 1894 Phasias
510 1821 728 1909 AEsoniden,
748 1822 861 1896 Circe
880 1822 1063 1896 tenuisset
1083 1820 1236 1906 Ulixen,

382 1933 425 2006 Si
443 1937 554 2009 modo
571 1938 707 2010 servari
727 1937 892 2010 carmine
909 1937 1031 2034 possit
1049 1957 1166 2008 amor.

332 2045 413 2120 Nec
431 2049 521 2123 data
536 2051 743 2149 profuerint
760 2051 940 2150 pallentia
957 2051 1096 2149 philtra
1110 2049 1258 2149 puellis.
1305 2055 1374 2124 105

379 2160 525 2240 Philtra
541 2178 680 2241 nocent
696 2169 851 2257 animis;
879 2167 1032 2265 vimque
1049 2165 1182 2239 luroris
1200 2165 1352 2240 habent.

332 2277 390 2349 Sit
406 2281 536 2376 procul
554 2305 665 2356 omne
684 2281 800 2356 nefas.
820 2295 863 2356 ut
880 2283 1028 2368 ameris,
1048 2281 1219 2355 amabilis
1236 2293 1340 2355 esto:

383 2391 494 2476 Quod
513 2395 581 2470 tibi
599 2423 673 2472 non
691 2398 820 2486 facies,
840 2399 965 2474 solave
982 2397 1101 2472 forma
1117 2395 1235 2470 dabit.

363 2675 405 2722 92.
430 2675 570 2724 Glossarium
594 2676 698 2740 viridas]
723 2677 830 2726 Imitatio
947 2675 1217 2737 Neniaqnainaolaeree
1227 2671 1378 2738 Μαι-πβρι·
1445 2729 1448 2736 ,

332 2747 487 2812 Propertium
495 2764 524 2797 ex
535 2748 577 2797 lib.
588 2747 622 2798 iii.
635 2751 704 2814 Εἰς.
715 2767 740 2798 r.
754 2752 793 2799 10.
978 2757 1018 2796 rat
1028 2763 1095 2796 anan

364 2820 425 2868 Cum
435 2825 569 2870 moribundo
584 2825 650 2888 niger
662 2825 779 2872 clauderet
790 2839 831 2870 oro
881 2822 944 2871 Hinc
957 2832 1084 2884 serpentum
1101 2823 1219 2869 domitores
1236 2819 1324 2868 Marsos
1336 2835 1378 2884 ap·

399 2893 481 2955 liquor·
708 2896 799 2944 Bona.
881 2895 971 2961 pellant
984 2893 1224 2943 PlininsasGellius.
1235 2909 1322 2958 eosque
1333 2893 1378 2942 ori·

367 2967 422 3012 102.
443 2965 557 3030 Mittapru
576 2983 628 3014 eurr
648 2970 742 3032 magicis
760 2983 832 3016 merra
881 2968 982 3032 ginema
994 2969 1076 3016 Marso
1085 2967 1166 3015 Circes
1177 2965 1226 3014 filio
1237 2967 1378 3016 dncetetes·

335 3038 511 3102 nemmem]
530 3040 643 3104 Scaliger,
656 3041 832 3105 Mixtaquecanr
882 3049 968 3099 tantur,
986 3049 1013 3090 ut
1031 3040 1088 3089 artis
1105 3039 1203 3104 magice
1225 3039 1378 3105 peritiaque

333 3115 427 3177 magno
443 3115 519 3160 mio
536 3113 615 3160 Morta
631 3117 690 3163 mair
703 3115 831 3164 scribebat.
882 3115 953 3179 vulgo
968 3115 1031 3164 male
1051 3113 1188 3171 audiebant,
1203 3114 1227 3161 in
1242 3114 1271 3162 iis
1288 3129 1378 3178 nequa-

335 3186 373 3234 De
384 3203 432 3252 qno
443 3186 510 3235 alibi.
544 3187 660 3236 Gruterus
674 3205 704 3238 ex
716 3188 832 3238 Palatinis
881 3203 953 3254 quarn
971 3187 1002 3237 sit
1018 3186 1133 3236 miranda.
1166 3187 1259 3235 Marsos
1275 3188 1306 3234 ob
1323 3186 1380 3235 artis

337 3259 416 3309 Murro
427 3277 513 3310 mmo
523 3260 650 3310 scribebat.
669 3263 739 3311 Dan.
751 3263 830 3312 Harn·
881 3260 1044 3325 cognationem
1062 3275 1117 3309 cnm
1139 3259 1227 3323 Psyllis
1246 3261 1381 3324 ireqmnter

332 3350 394 3383 arus.
430 3333 509 3384 Marso
525 3334 652 3398 legendum
665 3337 760 3386 omnino
775 3353 831 3388 cunr
882 3342 974 3384 veteres
990 3333 1158 3399 conjungebat,
1177 3349 1224 3396 quo
1242 3333 1312 3380 modo
1330 3333 1378 3380 Pli-

333 3405 408 3471 prima
423 3407 525 3455 editione
540 3415 565 3456 et
578 3408 671 3475 scriptis
684 3410 829 3477 quampluri·
880 3407 935 3457 nius
952 3407 997 3457 lib.
1015 3423 1055 3456 xv.
1070 3421 1125 3472 cap.
1140 3407 1167 3455 ii.
1185 3415 1210 3456 at
1226 3406 1320 3456 Gellius
1335 3407 1379 3455 lib.

333 3479 386 3528 mia.
418 3479 578 3530 Manedum
588 3497 670 3532 unum
681 3483 829 3549 prestiterim
880 3482 993 3548 avi.cap.
1006 3481 1040 3530 ai.
1075 3481 1164 3530 Harsa.

332 3551 421 3610 locum,
433 3553 478 3602 nisi
493 3569 548 3603 cnm
561 3556 650 3620 optimo
664 3557 742 3624 Regio
753 3568 777 3609 et
787 3577 829 3610 ex·
914 3558 968 3606 107.
989 3557 1022 3605 Ur
1035 3559 1125 3612 amerit,
1140 3557 1243 3604 mobilis
1257 3553 1323 3616 esto]
1340 3553 1376 3602 Ex
1478 3559 1479 3572 ¹

332 3626 419 3692 carptis
432 3625 548 3692 scaligeri
563 3643 591 3678 ae
605 3631 706 3681 Puteani
721 3647 829 3699 reponas,
879 3629 997 3680 communi
1014 3645 1058 3677 usu
1074 3638 1099 3678 et
1114 3643 1220 3677 sermone
1239 3628 1375 3692 repetitum.

333 3702 408 3747 neom
419 3701 507 3750 Marto.
540 3701 632 3752 Cantus
645 3705 709 3753 enim
723 3707 829 3770 magicus
880 3705 908 3754 P.
918 3705 999 3768 Syrus,
1012 3705 1076 3752 rivis
1085 3705 1168 3759 amori,
1179 3719 1240 3750 amo.
1256 3701 1321 3766 qnod
1333 3703 1376 3749 Se-

333 3773 465 3823 Maraorum
473 3775 622 3842 serpentibus
632 3777 711 3827 fatalis
719 3778 832 3828 creditus.
880 3793 941 3827 neca
962 3777 986 3826 in
1007 3777 1150 3827 sententiam
1177 3775 1259 3826 Ovidii
1283 3777 1377 3841 egregie
1478 3749 1479 3820 l

333 3845 413 3911 Atque
425 3847 459 3896 ita
473 3847 517 3897 lib.
532 3849 565 3898 vi.
578 3851 700 3899 Fastorum
714 3852 770 3900 141.
787 3865 829 3917 op·
880 3850 950 3900 docet
969 3851 1045 3916 Epist.
1066 3849 1099 3899 ix.
1123 3849 1169 3916 Ego
1191 3852 1232 3898 tihi
1251 3853 1380 3898 monstrato

333 3919 385 3968 timi
396 3921 498 3979 codices,
508 3922 539 3972 de
548 3923 669 3986 strigibus.
880 3927 1026 3980 amatorium,
1036 3927 1083 3972 sine
1090 3926 1258 3981 medicamento,
1267 3926 1314 3972 aine
1323 3925 1374 3972 her-
1478 3921 1479 3950 l

364 3993 638 4060 Sioeigiturnareuntur
652 4013 710 4052 noa,
723 4011 762 4042 reo
778 4013 830 4044 oar-
880 4001 915 4056 lto,
926 4003 974 4047 sins
984 4001 1057 4047 ullius
1069 3999 1170 4062 venefico
1183 4000 1292 4047 camnine.
1310 4001 1329 4046 εἰ
1344 4001 1376 4047 vis
1478 4021 1479 4078 p

425 4071 566 4134 nnnefiunt,
880 4077 1029 4131 amariano.
1062 4073 1150 4122 Bonae.
