<?xml version="1.0" encoding="UTF-8"?>
<!DOCTYPE html PUBLIC "-//W3C//DTD XHTML 1.0 Transitional//EN"
    "http://www.w3.org/TR/xhtml1/DTD/xhtml1-transitional.dtd">
<html xmlns="http://www.w3.org/1999/xhtml" xml:lang="en" lang="en">
 <head>
  <title>
</title>
<meta http-equiv="Content-Type" content="text/html;charset=utf-8" />
  <meta name='ocr-system' content='tesseract 3.04.00' />
  <meta name='ocr-capabilities' content='ocr_page ocr_carea ocr_par ocr_line ocrx_word'/>
</head>
<body>
  <div class='ocr_page' id='page_1' title='image "./povidiinasoniso09burmgoog_0068.png"; bbox 0 0 3064 5104; ppageno 0'>
   <div class='ocr_carea' id='block_1_1' title="bbox 245 335 1089 427">
    <p class='ocr_par' dir='ltr' id='par_1_1' title="bbox 245 335 1089 427">
     <span class='ocr_line' id='line_1_1' title="bbox 245 335 1089 427; baseline 0.004 -4"><span class='ocrx_word' id='word_1_1' title='bbox 245 335 254 358; x_wconf 83' lang='lat'>&#39;</span> <span class='ocrx_word' id='word_1_2' title='bbox 323 356 368 423; x_wconf 84' lang='lat' dir='ltr'>oa</span> <span class='ocrx_word' id='word_1_3' title='bbox 542 405 547 412; x_wconf 94' lang='lat'><em>.</em></span> <span class='ocrx_word' id='word_1_4' title='bbox 623 355 664 422; x_wconf 81' lang='lat' dir='ltr'>r.</span> <span class='ocrx_word' id='word_1_5' title='bbox 687 351 850 425; x_wconf 81' lang='lat' dir='ltr'>ovrnrr</span> <span class='ocrx_word' id='word_1_6' title='bbox 874 355 1089 427; x_wconf 70' lang='lat' dir='ltr'>ursorum</span> 
     </span>
    </p>
   </div>
   <div class='ocr_carea' id='block_1_2' title="bbox 317 529 1376 2371">
    <p class='ocr_par' dir='ltr' id='par_1_2' title="bbox 327 529 1323 750">
     <span class='ocr_line' id='line_1_2' title="bbox 327 529 1197 634; baseline 0.008 -29"><span class='ocrx_word' id='word_1_7' title='bbox 327 529 582 629; x_wconf 83' lang='lat' dir='ltr'>Reticuloque</span> <span class='ocrx_word' id='word_1_8' title='bbox 599 529 687 630; x_wconf 81' lang='lat' dir='ltr'>piloe</span> <span class='ocrx_word' id='word_1_9' title='bbox 704 532 807 607; x_wconf 83' lang='lat' dir='ltr'>leves</span> <span class='ocrx_word' id='word_1_10' title='bbox 823 529 1030 608; x_wconf 81' lang='lat' dir='ltr'>firndantur</span> <span class='ocrx_word' id='word_1_11' title='bbox 1047 537 1197 634; x_wconf 76' lang='lat' dir='ltr'>apertu:</span> 
     </span>
     <span class='ocr_line' id='line_1_3' title="bbox 377 645 1323 750; baseline 0.007 -30"><span class='ocrx_word' id='word_1_12' title='bbox 377 645 414 720; x_wconf 94' lang='lat' dir='ltr'>N</span> <span class='ocrx_word' id='word_1_13' title='bbox 417 671 474 734; x_wconf 90' lang='lat' dir='ltr'>ec,</span> <span class='ocrx_word' id='word_1_14' title='bbox 493 646 566 721; x_wconf 85' lang='lat' dir='ltr'>nisi</span> <span class='ocrx_word' id='word_1_15' title='bbox 583 669 699 746; x_wconf 86' lang='lat' dir='ltr'>quam</span> <span class='ocrx_word' id='word_1_16' title='bbox 716 647 840 735; x_wconf 86' lang='lat' dir='ltr'>tolles,</span> <span class='ocrx_word' id='word_1_17' title='bbox 857 649 936 723; x_wconf 79' lang='lat' dir='ltr'>ulle</span> <span class='ocrx_word' id='word_1_18' title='bbox 952 651 1137 726; x_wconf 86' lang='lat' dir='ltr'>movenda</span> <span class='ocrx_word' id='word_1_19' title='bbox 1155 651 1233 750; x_wconf 79' lang='lat' dir='ltr'>pile</span> <span class='ocrx_word' id='word_1_20' title='bbox 1250 665 1323 729; x_wconf 82' lang='lat' dir='ltr'>est.</span> 
     </span>
    </p>

    <p class='ocr_par' dir='ltr' id='par_1_3' title="bbox 326 762 1270 862">
     <span class='ocr_line' id='line_1_4' title="bbox 326 762 1270 862; baseline 0.004 -24"><span class='ocrx_word' id='word_1_21' title='bbox 326 763 398 839; x_wconf 86' lang='lat' dir='ltr'>Est</span> <span class='ocrx_word' id='word_1_22' title='bbox 415 787 535 862; x_wconf 82' lang='lat' dir='ltr'>genus</span> <span class='ocrx_word' id='word_1_23' title='bbox 552 762 592 837; x_wconf 91' lang='lat' dir='ltr'>in</span> <span class='ocrx_word' id='word_1_24' title='bbox 609 763 776 838; x_wconf 63' lang='lat' dir='ltr'>totidem*</span> <span class='ocrx_word' id='word_1_25' title='bbox 787 763 894 838; x_wconf 88' lang='lat' dir='ltr'>tenui</span> <span class='ocrx_word' id='word_1_26' title='bbox 912 763 1057 840; x_wconf 87' lang='lat' dir='ltr'>ratione</span> <span class='ocrx_word' id='word_1_27' title='bbox 1074 767 1270 842; x_wconf 84' lang='lat' dir='ltr'>redactum</span> 
     </span>
    </p>

    <p class='ocr_par' dir='ltr' id='par_1_4' title="bbox 317 880 1338 980">
     <span class='ocr_line' id='line_1_5' title="bbox 317 880 1338 980; baseline 0.005 -26"><span class='ocrx_word' id='word_1_28' title='bbox 317 907 322 918; x_wconf 87' lang='lat'><em>·</em></span> <span class='ocrx_word' id='word_1_29' title='bbox 376 880 581 980; x_wconf 88' lang='lat' dir='ltr'>Scriptula,</span> <span class='ocrx_word' id='word_1_30' title='bbox 600 891 696 979; x_wconf 89' lang='lat' dir='ltr'>quot</span> <span class='ocrx_word' id='word_1_31' title='bbox 712 903 863 956; x_wconf 81' lang='lat' dir='ltr'>menses</span> <span class='ocrx_word' id='word_1_32' title='bbox 882 881 1049 956; x_wconf 90' lang='lat' dir='ltr'>lubricus</span> <span class='ocrx_word' id='word_1_33' title='bbox 1068 902 1191 958; x_wconf 81' lang='lat' dir='ltr'>annue</span> <span class='ocrx_word' id='word_1_34' title='bbox 1208 884 1338 960; x_wconf 88' lang='lat' dir='ltr'>habet.</span> 
     </span>
    </p>

    <p class='ocr_par' dir='ltr' id='par_1_5' title="bbox 325 995 1376 1211">
     <span class='ocr_line' id='line_1_6' title="bbox 325 995 1376 1099; baseline 0.006 -30"><span class='ocrx_word' id='word_1_35' title='bbox 325 995 447 1071; x_wconf 88' lang='lat' dir='ltr'>Parva</span> <span class='ocrx_word' id='word_1_36' title='bbox 463 997 605 1072; x_wconf 86' lang='lat' dir='ltr'>tabella</span> <span class='ocrx_word' id='word_1_37' title='bbox 622 997 726 1096; x_wconf 86' lang='lat' dir='ltr'>capit</span> <span class='ocrx_word' id='word_1_38' title='bbox 741 1007 869 1072; x_wconf 87' lang='lat' dir='ltr'>ternos</span> <span class='ocrx_word' id='word_1_39' title='bbox 887 998 1079 1095; x_wconf 84' lang='lat' dir='ltr'>utrimque</span> <span class='ocrx_word' id='word_1_40' title='bbox 1097 999 1266 1099; x_wconf 79' lang='lat' dir='ltr'>lapillos3</span> <span class='ocrx_word' id='word_1_41' title='bbox 1301 1005 1376 1075; x_wconf 88' lang='lat'>365</span> 
     </span>
     <span class='ocr_line' id='line_1_7' title="bbox 374 1111 1145 1211; baseline 0.008 -27"><span class='ocrx_word' id='word_1_42' title='bbox 374 1111 421 1187; x_wconf 88' lang='lat' dir='ltr'>ln</span> <span class='ocrx_word' id='word_1_43' title='bbox 439 1113 517 1211; x_wconf 71' lang='lat' dir='ltr'>que</span> <span class='ocrx_word' id='word_1_44' title='bbox 534 1111 671 1187; x_wconf 85' lang='lat' dir='ltr'>vicisse</span> <span class='ocrx_word' id='word_1_45' title='bbox 686 1123 760 1200; x_wconf 88' lang='lat' dir='ltr'>est,</span> <span class='ocrx_word' id='word_1_46' title='bbox 779 1113 1024 1190; x_wconf 80' lang='lat' dir='ltr'><strong>continuasse</strong></span> <span class='ocrx_word' id='word_1_47' title='bbox 1043 1137 1145 1190; x_wconf 80' lang='lat' dir='ltr'>suoe.</span> 
     </span>
    </p>

    <p class='ocr_par' dir='ltr' id='par_1_6' title="bbox 323 1227 1299 1447">
     <span class='ocr_line' id='line_1_8' title="bbox 323 1227 1299 1331; baseline 0.006 -29"><span class='ocrx_word' id='word_1_48' title='bbox 323 1227 432 1304; x_wconf 90' lang='lat' dir='ltr'>Mille</span> <span class='ocrx_word' id='word_1_49' title='bbox 450 1229 595 1306; x_wconf 80' lang='lat' dir='ltr'><strong>facesse</strong></span> <span class='ocrx_word' id='word_1_50' title='bbox 608 1231 729 1328; x_wconf 88' lang='lat' dir='ltr'>jocos.</span> <span class='ocrx_word' id='word_1_51' title='bbox 759 1240 870 1330; x_wconf 82' lang='lat' dir='ltr'>turpe</span> <span class='ocrx_word' id='word_1_52' title='bbox 888 1241 948 1306; x_wconf 80' lang='lat' dir='ltr'>e’st</span> <span class='ocrx_word' id='word_1_53' title='bbox 965 1231 1112 1308; x_wconf 87' lang='lat' dir='ltr'>nescire</span> <span class='ocrx_word' id='word_1_54' title='bbox 1131 1233 1299 1331; x_wconf 86' lang='lat' dir='ltr'>puellam</span> 
     </span>
     <span class='ocr_line' id='line_1_9' title="bbox 373 1342 1161 1447; baseline 0.006 -29"><span class='ocrx_word' id='word_1_55' title='bbox 373 1342 539 1422; x_wconf 89' lang='lat' dir='ltr'>Ludere:</span> <span class='ocrx_word' id='word_1_56' title='bbox 567 1347 736 1422; x_wconf 88' lang='lat' dir='ltr'>ludendo</span> <span class='ocrx_word' id='word_1_57' title='bbox 754 1371 857 1447; x_wconf 77' lang='lat' dir='ltr'>saepe</span> <span class='ocrx_word' id='word_1_58' title='bbox 873 1359 1027 1446; x_wconf 83' lang='lat' dir='ltr'>paratur</span> <span class='ocrx_word' id='word_1_59' title='bbox 1045 1371 1161 1423; x_wconf 88' lang='lat' dir='ltr'>amor.</span> 
     </span>
    </p>

    <p class='ocr_par' dir='ltr' id='par_1_7' title="bbox 323 1460 1376 1678">
     <span class='ocr_line' id='line_1_10' title="bbox 323 1460 1287 1563; baseline 0.004 -28"><span class='ocrx_word' id='word_1_60' title='bbox 323 1460 402 1537; x_wconf 85' lang='lat' dir='ltr'>Sed</span> <span class='ocrx_word' id='word_1_61' title='bbox 419 1461 597 1536; x_wconf 88' lang='lat' dir='ltr'>minimus</span> <span class='ocrx_word' id='word_1_62' title='bbox 615 1464 720 1538; x_wconf 86' lang='lat' dir='ltr'>labor</span> <span class='ocrx_word' id='word_1_63' title='bbox 736 1473 808 1550; x_wconf 84' lang='lat' dir='ltr'>eet,</span> <span class='ocrx_word' id='word_1_64' title='bbox 828 1463 1020 1563; x_wconf 86' lang='lat' dir='ltr'>sapienter</span> <span class='ocrx_word' id='word_1_65' title='bbox 1029 1462 1198 1562; x_wconf 89' lang='lat' dir='ltr'>jactibus</span> <span class='ocrx_word' id='word_1_66' title='bbox 1217 1463 1287 1539; x_wconf 84' lang='lat' dir='ltr'>uti.</span> 
     </span>
     <span class='ocr_line' id='line_1_11' title="bbox 371 1575 1376 1678; baseline 0.002 -27"><span class='ocrx_word' id='word_1_67' title='bbox 371 1575 499 1676; x_wconf 88' lang='lat' dir='ltr'>Majus</span> <span class='ocrx_word' id='word_1_68' title='bbox 516 1601 626 1678; x_wconf 84' lang='lat' dir='ltr'>opus,</span> <span class='ocrx_word' id='word_1_69' title='bbox 645 1601 768 1654; x_wconf 79' lang='lat' dir='ltr'>mores</span> <span class='ocrx_word' id='word_1_70' title='bbox 786 1580 1046 1678; x_wconf 85' lang='lat' dir='ltr'>composuisse</span> <span class='ocrx_word' id='word_1_71' title='bbox 1065 1603 1166 1654; x_wconf 88' lang='lat' dir='ltr'>suos.</span> <span class='ocrx_word' id='word_1_72' title='bbox 1300 1584 1376 1653; x_wconf 89' lang='grc'>370</span> 
     </span>
    </p>

    <p class='ocr_par' dir='ltr' id='par_1_8' title="bbox 323 1691 1359 1910">
     <span class='ocr_line' id='line_1_12' title="bbox 323 1691 1359 1798; baseline 0.005 -33"><span class='ocrx_word' id='word_1_73' title='bbox 323 1691 425 1766; x_wconf 90' lang='lat' dir='ltr'>Dum</span> <span class='ocrx_word' id='word_1_74' title='bbox 443 1715 574 1767; x_wconf 81' lang='lat' dir='ltr'>sumus</span> <span class='ocrx_word' id='word_1_75' title='bbox 590 1693 748 1779; x_wconf 82' lang='lat' dir='ltr'>incauti,</span> <span class='ocrx_word' id='word_1_76' title='bbox 768 1694 972 1793; x_wconf 84' lang='lat' dir='ltr'>studioque</span> <span class='ocrx_word' id='word_1_77' title='bbox 991 1695 1180 1798; x_wconf 86' lang='lat' dir='ltr'>aperimur</span> <span class='ocrx_word' id='word_1_78' title='bbox 1197 1695 1236 1768; x_wconf 92' lang='lat' dir='ltr'>in</span> <span class='ocrx_word' id='word_1_79' title='bbox 1254 1695 1359 1795; x_wconf 87' lang='lat' dir='ltr'>ips0;</span> 
     </span>
     <span class='ocr_line' id='line_1_13' title="bbox 373 1805 1263 1910; baseline 0.006 -30"><span class='ocrx_word' id='word_1_80' title='bbox 373 1805 565 1907; x_wconf 88' lang='lat' dir='ltr'>Nudaque</span> <span class='ocrx_word' id='word_1_81' title='bbox 582 1833 652 1908; x_wconf 91' lang='lat' dir='ltr'>per</span> <span class='ocrx_word' id='word_1_82' title='bbox 668 1809 774 1884; x_wconf 85' lang='lat' dir='ltr'>lusus</span> <span class='ocrx_word' id='word_1_83' title='bbox 791 1821 949 1910; x_wconf 85' lang='lat' dir='ltr'>pectora</span> <span class='ocrx_word' id='word_1_84' title='bbox 965 1821 1095 1885; x_wconf 85' lang='lat' dir='ltr'>nostra</span> <span class='ocrx_word' id='word_1_85' title='bbox 1112 1819 1263 1910; x_wconf 79' lang='lat' dir='ltr'>patent3</span> 
     </span>
    </p>

    <p class='ocr_par' dir='ltr' id='par_1_9' title="bbox 322 1923 1269 2139">
     <span class='ocr_line' id='line_1_14' title="bbox 322 1923 1244 2024; baseline 0.003 -27"><span class='ocrx_word' id='word_1_86' title='bbox 322 1923 385 1999; x_wconf 87' lang='lat' dir='ltr'>Ira</span> <span class='ocrx_word' id='word_1_87' title='bbox 401 1923 515 2010; x_wconf 87' lang='lat' dir='ltr'>subit,</span> <span class='ocrx_word' id='word_1_88' title='bbox 534 1923 702 2000; x_wconf 79' lang='lat' dir='ltr'>deleme</span> <span class='ocrx_word' id='word_1_89' title='bbox 720 1926 874 2013; x_wconf 88' lang='lat' dir='ltr'>malurn,</span> <span class='ocrx_word' id='word_1_90' title='bbox 894 1925 1066 2024; x_wconf 88' lang='lat' dir='ltr'>lucrique</span> <span class='ocrx_word' id='word_1_91' title='bbox 1083 1925 1244 2024; x_wconf 90' lang='lat' dir='ltr'>cupid0;</span> 
     </span>
     <span class='ocr_line' id='line_1_15' title="bbox 369 2039 1269 2139; baseline 0.003 -27"><span class='ocrx_word' id='word_1_92' title='bbox 369 2039 593 2138; x_wconf 88' lang='lat' dir='ltr'>Jurgiaque,</span> <span class='ocrx_word' id='word_1_93' title='bbox 612 2052 651 2114; x_wconf 91' lang='lat' dir='ltr'>et</span> <span class='ocrx_word' id='word_1_94' title='bbox 669 2041 773 2128; x_wconf 84' lang='lat' dir='ltr'>rixoe,</span> <span class='ocrx_word' id='word_1_95' title='bbox 794 2041 1060 2139; x_wconf 83' lang='lat' dir='ltr'>sollicitusque</span> <span class='ocrx_word' id='word_1_96' title='bbox 1077 2041 1197 2116; x_wconf 91' lang='lat' dir='ltr'>dolor.</span> <span class='ocrx_word' id='word_1_97' title='bbox 1261 2060 1269 2076; x_wconf 94' lang='lat'><strong>·</strong></span> 
     </span>
    </p>

    <p class='ocr_par' dir='ltr' id='par_1_10' title="bbox 322 2153 1372 2371">
     <span class='ocr_line' id='line_1_16' title="bbox 322 2153 1372 2232; baseline 0.001 -2"><span class='ocrx_word' id='word_1_98' title='bbox 322 2153 492 2230; x_wconf 83' lang='lat' dir='ltr'>Crimina</span> <span class='ocrx_word' id='word_1_99' title='bbox 505 2153 704 2230; x_wconf 86' lang='lat' dir='ltr'>dicuntur:</span> <span class='ocrx_word' id='word_1_100' title='bbox 734 2167 886 2231; x_wconf 78' lang='lat' dir='ltr'>resonat</span> <span class='ocrx_word' id='word_1_101' title='bbox 903 2155 1129 2231; x_wconf 82' lang='lat' dir='ltr'>clamoribus</span> <span class='ocrx_word' id='word_1_102' title='bbox 1147 2156 1283 2232; x_wconf 84' lang='lat' dir='ltr'>aether:</span> <span class='ocrx_word' id='word_1_103' title='bbox 1297 2161 1372 2231; x_wconf 85' lang='lat'>375</span> 
     </span>
     <span class='ocr_line' id='line_1_17' title="bbox 370 2271 1127 2371; baseline 0.003 -25"><span class='ocrx_word' id='word_1_104' title='bbox 370 2271 528 2350; x_wconf 77' lang='lat' dir='ltr'>Invocat</span> <span class='ocrx_word' id='word_1_105' title='bbox 544 2272 660 2347; x_wconf 84' lang='lat' dir='ltr'>iratos</span> <span class='ocrx_word' id='word_1_106' title='bbox 678 2282 718 2348; x_wconf 93' lang='lat' dir='ltr'>et</span> <span class='ocrx_word' id='word_1_107' title='bbox 735 2271 807 2347; x_wconf 87' lang='lat' dir='ltr'>sibi</span> <span class='ocrx_word' id='word_1_108' title='bbox 826 2271 991 2371; x_wconf 83' lang='lat' dir='ltr'>quisque</span> <span class='ocrx_word' id='word_1_109' title='bbox 1010 2272 1127 2348; x_wconf 85' lang='lat' dir='ltr'>Deos.</span> 
     </span>
    </p>
   </div>
   <div class='ocr_carea' id='block_1_3' title="bbox 316 2569 1375 4268">
    <p class='ocr_par' dir='ltr' id='par_1_11' title="bbox 317 2569 1375 3672">
     <span class='ocr_line' id='line_1_18' title="bbox 351 2569 1375 2637; baseline 0 -15"><span class='ocrx_word' id='word_1_110' title='bbox 351 2569 819 2637; x_wconf 60' lang='lat' dir='ltr'>³61.Rea0ut0quapttetmfuntaa</span> <span class='ocrx_word' id='word_1_111' title='bbox 869 2572 900 2621; x_wconf 86' lang='lat' dir='ltr'>de</span> <span class='ocrx_word' id='word_1_112' title='bbox 922 2571 1014 2621; x_wconf 87' lang='lat' dir='ltr'>Pccun.</span> <span class='ocrx_word' id='word_1_113' title='bbox 1035 2571 1123 2620; x_wconf 82' lang='lat' dir='ltr'>Vetere</span> <span class='ocrx_word' id='word_1_114' title='bbox 1143 2585 1197 2637; x_wconf 84' lang='lat' dir='ltr'>cap.</span> <span class='ocrx_word' id='word_1_115' title='bbox 1216 2587 1256 2620; x_wconf 82' lang='lat' dir='ltr'>xv.</span> <span class='ocrx_word' id='word_1_116' title='bbox 1295 2571 1375 2622; x_wconf 72' lang='lat' dir='ltr'>Recte</span> 
     </span>
     <span class='ocr_line' id='line_1_19' title="bbox 320 2643 1372 2713; baseline -0.002 -16"><span class='ocrx_word' id='word_1_117' title='bbox 320 2645 471 2712; x_wconf 66' lang='lat' dir='ltr'>totamm]</span> <span class='ocrx_word' id='word_1_118' title='bbox 489 2645 581 2712; x_wconf 86' lang='lat' dir='ltr'>llptum</span> <span class='ocrx_word' id='word_1_119' title='bbox 595 2643 683 2712; x_wconf 77' lang='lat' dir='ltr'>puellis</span> <span class='ocrx_word' id='word_1_120' title='bbox 696 2659 747 2696; x_wconf 81' lang='lat' dir='ltr'>csse</span> <span class='ocrx_word' id='word_1_121' title='bbox 763 2645 819 2713; x_wconf 84' lang='lat' dir='ltr'>pilss</span> <span class='ocrx_word' id='word_1_122' title='bbox 869 2643 927 2694; x_wconf 84' lang='lat' dir='ltr'>mitt</span> <span class='ocrx_word' id='word_1_123' title='bbox 953 2659 1039 2711; x_wconf 76' lang='lat' dir='ltr'>capere</span> <span class='ocrx_word' id='word_1_124' title='bbox 1059 2644 1153 2693; x_wconf 84' lang='lat' dir='ltr'>videtur</span> <span class='ocrx_word' id='word_1_125' title='bbox 1174 2643 1213 2694; x_wconf 88' lang='lat' dir='ltr'>Cl.</span> <span class='ocrx_word' id='word_1_126' title='bbox 1234 2643 1321 2709; x_wconf 61' lang='lat' dir='ltr'>Hyde}</span> <span class='ocrx_word' id='word_1_127' title='bbox 1341 2644 1372 2695; x_wconf 87' lang='lat' dir='ltr'>de</span> 
     </span>
     <span class='ocr_line' id='line_1_20' title="bbox 318 2713 1372 2788; baseline 0 -18"><span class='ocrx_word' id='word_1_128' title='bbox 318 2723 522 2787; x_wconf 68' lang='lat' dir='ltr'>lusumapparst,</span> <span class='ocrx_word' id='word_1_129' title='bbox 533 2719 597 2788; x_wconf 86' lang='lat' dir='ltr'>quod</span> <span class='ocrx_word' id='word_1_130' title='bbox 609 2719 739 2772; x_wconf 83' lang='lat' dir='ltr'>ettertibus</span> <span class='ocrx_word' id='word_1_131' title='bbox 755 2720 818 2771; x_wconf 87' lang='lat' dir='ltr'>inlir·</span> <span class='ocrx_word' id='word_1_132' title='bbox 868 2720 934 2778; x_wconf 89' lang='lat' dir='ltr'>ludo,</span> <span class='ocrx_word' id='word_1_133' title='bbox 944 2735 1016 2786; x_wconf 77' lang='lat' dir='ltr'>quesn</span> <span class='ocrx_word' id='word_1_134' title='bbox 1033 2735 1076 2770; x_wconf 84' lang='lat' dir='ltr'>uos</span> <span class='ocrx_word' id='word_1_135' title='bbox 1088 2718 1197 2768; x_wconf 67' lang='lat' dir='ltr'>lindam</span> <span class='ocrx_word' id='word_1_136' title='bbox 1211 2713 1372 2785; x_wconf 73' lang='lat' dir='ltr'>appellamus.</span> 
     </span>
     <span class='ocr_line' id='line_1_21' title="bbox 318 2792 1372 2862; baseline -0.004 -16"><span class='ocrx_word' id='word_1_137' title='bbox 318 2797 364 2846; x_wconf 85' lang='lat' dir='ltr'>mis</span> <span class='ocrx_word' id='word_1_138' title='bbox 373 2793 597 2846; x_wconf 69' lang='lat' dir='ltr'>conveniebatur.</span> <span class='ocrx_word' id='word_1_139' title='bbox 613 2795 644 2845; x_wconf 83' lang='lat' dir='ltr'>td</span> <span class='ocrx_word' id='word_1_140' title='bbox 655 2795 752 2846; x_wconf 88' lang='lat' dir='ltr'>Petron.</span> <span class='ocrx_word' id='word_1_141' title='bbox 762 2811 818 2862; x_wconf 82' lang='lat' dir='ltr'>cap.</span> <span class='ocrx_word' id='word_1_142' title='bbox 868 2794 925 2844; x_wconf 78' lang='lat' dir='ltr'>vide</span> <span class='ocrx_word' id='word_1_143' title='bbox 933 2811 988 2844; x_wconf 86' lang='lat' dir='ltr'>curn</span> <span class='ocrx_word' id='word_1_144' title='bbox 999 2794 1030 2843; x_wconf 89' lang='lat' dir='ltr'>de</span> <span class='ocrx_word' id='word_1_145' title='bbox 1041 2793 1105 2844; x_wconf 87' lang='lat' dir='ltr'>ludis</span> <span class='ocrx_word' id='word_1_146' title='bbox 1115 2792 1233 2843; x_wconf 77' lang='lat' dir='ltr'>Orienttl.</span> <span class='ocrx_word' id='word_1_147' title='bbox 1243 2807 1301 2859; x_wconf 76' lang='lat' dir='ltr'>pag.</span> <span class='ocrx_word' id='word_1_148' title='bbox 1311 2794 1372 2842; x_wconf 75' lang='lat'><strong>202.</strong></span> 
     </span>
     <span class='ocr_line' id='line_1_22' title="bbox 319 2865 1374 2937; baseline -0.005 -15"><span class='ocrx_word' id='word_1_149' title='bbox 319 2871 426 2922; x_wconf 80' lang='lat' dir='ltr'>xxviiet</span> <span class='ocrx_word' id='word_1_150' title='bbox 436 2886 479 2937; x_wconf 80' lang='lat' dir='ltr'>per</span> <span class='ocrx_word' id='word_1_151' title='bbox 489 2870 681 2922; x_wconf 76' lang='lat' dir='ltr'>reticulumlorte</span> <span class='ocrx_word' id='word_1_152' title='bbox 691 2870 771 2920; x_wconf 82' lang='lat' dir='ltr'>follem</span> <span class='ocrx_word' id='word_1_153' title='bbox 781 2886 819 2920; x_wconf 83' lang='lat' dir='ltr'>rc-</span> <span class='ocrx_word' id='word_1_154' title='bbox 869 2877 894 2918; x_wconf 89' lang='lat' dir='ltr'>et</span> <span class='ocrx_word' id='word_1_155' title='bbox 903 2883 972 2934; x_wconf 82' lang='lat' dir='ltr'>seqq.</span> <span class='ocrx_word' id='word_1_156' title='bbox 988 2877 1013 2918; x_wconf 85' lang='lat' dir='ltr'>ct</span> <span class='ocrx_word' id='word_1_157' title='bbox 1024 2867 1069 2916; x_wconf 85' lang='lat' dir='ltr'>hoc</span> <span class='ocrx_word' id='word_1_158' title='bbox 1080 2865 1175 2916; x_wconf 80' lang='lat' dir='ltr'>videtur</span> <span class='ocrx_word' id='word_1_159' title='bbox 1191 2865 1265 2915; x_wconf 78' lang='lat' dir='ltr'>etism</span> <span class='ocrx_word' id='word_1_160' title='bbox 1275 2865 1374 2917; x_wconf 70' lang='lat' dir='ltr'>Manis</span> 
     </span>
     <span class='ocr_line' id='line_1_23' title="bbox 319 2938 1373 3008; baseline -0.008 -12"><span class='ocrx_word' id='word_1_161' title='bbox 319 2945 446 2995; x_wconf 79' lang='lat' dir='ltr'>ticulttum</span> <span class='ocrx_word' id='word_1_162' title='bbox 463 2942 583 3008; x_wconf 78' lang='lat' dir='ltr'>intelligit.</span> <span class='ocrx_word' id='word_1_163' title='bbox 601 2945 655 2992; x_wconf 73' lang='lat' dir='ltr'>levis</span> <span class='ocrx_word' id='word_1_164' title='bbox 670 2944 818 3008; x_wconf 76' lang='lat' dir='ltr'>autcmpiln,</span> <span class='ocrx_word' id='word_1_165' title='bbox 869 2941 1023 2992; x_wconf 80' lang='lat' dir='ltr'>intellexisse.</span> <span class='ocrx_word' id='word_1_166' title='bbox 1050 2940 1112 2998; x_wconf 85' lang='lat' dir='ltr'>Quis</span> <span class='ocrx_word' id='word_1_167' title='bbox 1121 2938 1285 2990; x_wconf 65' lang='lat' dir='ltr'>vemt-eiu</span> <span class='ocrx_word' id='word_1_168' title='bbox 1295 2939 1373 3006; x_wconf 84' lang='lat' dir='ltr'>expli·</span> 
     </span>
     <span class='ocr_line' id='line_1_24' title="bbox 319 3011 1374 3083; baseline -0.004 -16"><span class='ocrx_word' id='word_1_169' title='bbox 319 3018 377 3083; x_wconf 82' lang='lat' dir='ltr'>quia</span> <span class='ocrx_word' id='word_1_170' title='bbox 392 3016 477 3065; x_wconf 75' lang='lat' dir='ltr'>vitree.</span> <span class='ocrx_word' id='word_1_171' title='bbox 494 3015 525 3064; x_wconf 86' lang='lat' dir='ltr'>de</span> <span class='ocrx_word' id='word_1_172' title='bbox 541 3015 597 3081; x_wconf 73' lang='lat' dir='ltr'>pile</span> <span class='ocrx_word' id='word_1_173' title='bbox 615 3016 669 3065; x_wconf 85' lang='lat' dir='ltr'>lusu</span> <span class='ocrx_word' id='word_1_174' title='bbox 684 3016 754 3081; x_wconf 76' lang='lat' dir='ltr'>plura</span> <span class='ocrx_word' id='word_1_175' title='bbox 767 3015 818 3065; x_wconf 86' lang='lat' dir='ltr'>vid.</span> <span class='ocrx_word' id='word_1_176' title='bbox 868 3025 916 3074; x_wconf 82' lang='lat' dir='ltr'>cet,</span> <span class='ocrx_word' id='word_1_177' title='bbox 926 3025 954 3066; x_wconf 90' lang='lat' dir='ltr'>ut</span> <span class='ocrx_word' id='word_1_178' title='bbox 963 3011 1073 3065; x_wconf 86' lang='lat' dir='ltr'>omnibus</span> <span class='ocrx_word' id='word_1_179' title='bbox 1082 3013 1220 3072; x_wconf 75' lang='lat' dir='ltr'>sstisltcim,</span> <span class='ocrx_word' id='word_1_180' title='bbox 1229 3011 1275 3062; x_wconf 86' lang='lat' dir='ltr'>nisi</span> <span class='ocrx_word' id='word_1_181' title='bbox 1286 3013 1374 3065; x_wconf 81' lang='lat' dir='ltr'>viderit</span> 
     </span>
     <span class='ocr_line' id='line_1_25' title="bbox 320 3087 1314 3158; baseline -0.002 -19"><span class='ocrx_word' id='word_1_182' title='bbox 320 3089 540 3158; x_wconf 69' lang='lat' dir='ltr'>apodemium</span> <span class='ocrx_word' id='word_1_183' title='bbox 552 3089 643 3138; x_wconf 86' lang='lat' dir='ltr'>Atlten.</span> <span class='ocrx_word' id='word_1_184' title='bbox 654 3089 673 3138; x_wconf 90' lang='lat' dir='ltr'>i.</span> <span class='ocrx_word' id='word_1_185' title='bbox 686 3089 725 3138; x_wconf 64' lang='lat' dir='ltr'>li.</span> <span class='ocrx_word' id='word_1_186' title='bbox 748 3089 818 3155; x_wconf 76' lang='lat' dir='ltr'>Mag.</span> <span class='ocrx_word' id='word_1_187' title='bbox 869 3089 947 3157; x_wconf 85' lang='lat' dir='ltr'>ipsum</span> <span class='ocrx_word' id='word_1_188' title='bbox 957 3091 1045 3148; x_wconf 85' lang='lat' dir='ltr'>lusum,</span> <span class='ocrx_word' id='word_1_189' title='bbox 1054 3096 1098 3139; x_wconf 77' lang='lat' dir='ltr'>aut</span> <span class='ocrx_word' id='word_1_190' title='bbox 1106 3087 1207 3138; x_wconf 80' lang='lat' dir='ltr'>luseritl</span> <span class='ocrx_word' id='word_1_191' title='bbox 1223 3087 1314 3137; x_wconf 79' lang='lat' dir='ltr'>Buatr.</span> 
     </span>
     <span class='ocr_line' id='line_1_26' title="bbox 319 3159 1374 3231; baseline 0 -19"><span class='ocrx_word' id='word_1_192' title='bbox 319 3163 417 3213; x_wconf 76' lang='lat' dir='ltr'>Miscel.</span> <span class='ocrx_word' id='word_1_193' title='bbox 433 3163 451 3212; x_wconf 91' lang='lat' dir='ltr'>i.</span> <span class='ocrx_word' id='word_1_194' title='bbox 468 3162 495 3212; x_wconf 88' lang='lat' dir='ltr'>ii.</span> <span class='ocrx_word' id='word_1_195' title='bbox 512 3175 537 3212; x_wconf 85' lang='lat' dir='ltr'>et</span> <span class='ocrx_word' id='word_1_196' title='bbox 553 3163 648 3212; x_wconf 81' lang='lat' dir='ltr'>Passer.</span> <span class='ocrx_word' id='word_1_197' title='bbox 665 3163 697 3212; x_wconf 75' lang='lat' dir='ltr'>ad</span> <span class='ocrx_word' id='word_1_198' title='bbox 713 3161 820 3229; x_wconf 79' lang='lat' dir='ltr'>Propert.</span> <span class='ocrx_word' id='word_1_199' title='bbox 902 3165 959 3214; x_wconf 77' lang='lat' dir='ltr'>tet.</span> <span class='ocrx_word' id='word_1_200' title='bbox 979 3159 1252 3231; x_wconf 62' lang='lat' dir='ltr'>Mllltfactetoejocml</span> <span class='ocrx_word' id='word_1_201' title='bbox 1280 3160 1374 3212; x_wconf 65' lang='lat' dir='ltr'>rm</span> 
     </span>
     <span class='ocr_line' id='line_1_27' title="bbox 319 3233 1373 3306; baseline -0.002 -20"><span class='ocrx_word' id='word_1_202' title='bbox 319 3237 454 3287; x_wconf 57' lang='lat' dir='ltr'>idaiae.</span> <span class='ocrx_word' id='word_1_203' title='bbox 471 3235 686 3285; x_wconf 81' lang='lat' dir='ltr'>nbiBroukltnsius</span> <span class='ocrx_word' id='word_1_204' title='bbox 697 3235 820 3286; x_wconf 74' lang='lat' dir='ltr'>Romanus</span> <span class='ocrx_word' id='word_1_205' title='bbox 870 3237 960 3303; x_wconf 78' lang='lat' dir='ltr'>Regius</span> <span class='ocrx_word' id='word_1_206' title='bbox 977 3247 1001 3287; x_wconf 90' lang='lat' dir='ltr'>ct</span> <span class='ocrx_word' id='word_1_207' title='bbox 1015 3247 1117 3304; x_wconf 81' lang='lat' dir='ltr'>quatuor</span> <span class='ocrx_word' id='word_1_208' title='bbox 1130 3235 1180 3306; x_wconf 71' lang='lat' dir='ltr'>ulii.</span> <span class='ocrx_word' id='word_1_209' title='bbox 1213 3233 1373 3302; x_wconf 80' lang='lat' dir='ltr'>Reliqul,scc</span> 
     </span>
     <span class='ocr_line' id='line_1_28' title="bbox 318 3309 1043 3378; baseline 0.001 -18"><span class='ocrx_word' id='word_1_210' title='bbox 318 3311 411 3378; x_wconf 78' lang='lat' dir='ltr'>puellas</span> <span class='ocrx_word' id='word_1_211' title='bbox 422 3311 452 3359; x_wconf 83' lang='lat' dir='ltr'>ab</span> <span class='ocrx_word' id='word_1_212' title='bbox 462 3310 508 3358; x_wconf 87' lang='lat' dir='ltr'>ltoc</span> <span class='ocrx_word' id='word_1_213' title='bbox 524 3309 577 3358; x_wconf 87' lang='lat' dir='ltr'>lusu</span> <span class='ocrx_word' id='word_1_214' title='bbox 594 3317 772 3376; x_wconf 80' lang='lat' dir='ltr'>arcct,proptcr</span> <span class='ocrx_word' id='word_1_215' title='bbox 782 3325 819 3360; x_wconf 85' lang='lat' dir='ltr'>st·</span> <span class='ocrx_word' id='word_1_216' title='bbox 868 3329 921 3362; x_wconf 82' lang='lat' dir='ltr'>csse.</span> <span class='ocrx_word' id='word_1_217' title='bbox 953 3311 1043 3361; x_wconf 77' lang='lat' dir='ltr'>Herus.</span> 
     </span>
     <span class='ocr_line' id='line_1_29' title="bbox 318 3379 1372 3450; baseline -0.002 -16"><span class='ocrx_word' id='word_1_218' title='bbox 318 3391 431 3450; x_wconf 82' lang='lat' dir='ltr'>quentem</span> <span class='ocrx_word' id='word_1_219' title='bbox 448 3399 503 3432; x_wconf 86' lang='lat' dir='ltr'>mos</span> <span class='ocrx_word' id='word_1_220' title='bbox 515 3383 642 3432; x_wconf 70' lang='lat' dir='ltr'>verutus.</span> <span class='ocrx_word' id='word_1_221' title='bbox 660 3383 702 3436; x_wconf 76' lang='lat' dir='ltr'>scd</span> <span class='ocrx_word' id='word_1_222' title='bbox 714 3379 818 3434; x_wconf 67' lang='lat' dir='ltr'>ibi&#39;eete</span> <span class='ocrx_word' id='word_1_223' title='bbox 901 3387 959 3435; x_wconf 79' lang='grc'><strong>370.</strong></span> <span class='ocrx_word' id='word_1_224' title='bbox 979 3385 1058 3448; x_wconf 80' lang='lat' dir='ltr'>Major</span> <span class='ocrx_word' id='word_1_225' title='bbox 1071 3397 1126 3448; x_wconf 74' lang='lat' dir='ltr'>opus</span> <span class='ocrx_word' id='word_1_226' title='bbox 1142 3397 1212 3433; x_wconf 77' lang='lat' dir='ltr'>mores</span> <span class='ocrx_word' id='word_1_227' title='bbox 1226 3383 1372 3446; x_wconf 70' lang='lat' dir='ltr'>compositius</span> 
     </span>
     <span class='ocr_line' id='line_1_30' title="bbox 317 3455 1372 3525; baseline 0 -17"><span class='ocrx_word' id='word_1_228' title='bbox 317 3475 354 3508; x_wconf 80' lang='lat' dir='ltr'>res</span> <span class='ocrx_word' id='word_1_229' title='bbox 367 3459 421 3521; x_wconf 76' lang='lat' dir='ltr'>pile</span> <span class='ocrx_word' id='word_1_230' title='bbox 437 3455 528 3506; x_wconf 81' lang='lat' dir='ltr'>virilem</span> <span class='ocrx_word' id='word_1_231' title='bbox 546 3456 629 3506; x_wconf 90' lang='lat' dir='ltr'>ludum</span> <span class='ocrx_word' id='word_1_232' title='bbox 647 3455 762 3516; x_wconf 82' lang='lat' dir='ltr'>indicant,</span> <span class='ocrx_word' id='word_1_233' title='bbox 775 3458 817 3509; x_wconf 90' lang='lat' dir='ltr'>hic</span> <span class='ocrx_word' id='word_1_234' title='bbox 867 3459 939 3524; x_wconf 74' lang='lat' dir='ltr'>satos]</span> <span class='ocrx_word' id='word_1_235' title='bbox 958 3468 1045 3525; x_wconf 82' lang='lat' dir='ltr'>etquss</span> <span class='ocrx_word' id='word_1_236' title='bbox 1057 3467 1199 3524; x_wconf 82' lang='lat' dir='ltr'>sequnntur.</span> <span class='ocrx_word' id='word_1_237' title='bbox 1223 3455 1372 3508; x_wconf 77' lang='lat' dir='ltr'>Folaudan·</span> 
     </span>
     <span class='ocr_line' id='line_1_31' title="bbox 318 3529 1371 3598; baseline -0.002 -16"><span class='ocrx_word' id='word_1_238' title='bbox 318 3531 524 3598; x_wconf 61' lang='lat' dir='ltr'>trapezuntem.</span> <span class='ocrx_word' id='word_1_239' title='bbox 549 3529 817 3582; x_wconf 79' lang='lat' dir='ltr'>Discrimenvcroutri·</span> <span class='ocrx_word' id='word_1_240' title='bbox 867 3534 913 3583; x_wconf 84' lang='lat' dir='ltr'>dus</span> <span class='ocrx_word' id='word_1_241' title='bbox 923 3533 1000 3598; x_wconf 77' lang='lat' dir='ltr'>magis</span> <span class='ocrx_word' id='word_1_242' title='bbox 1010 3531 1050 3582; x_wconf 90' lang='lat' dir='ltr'>hic</span> <span class='ocrx_word' id='word_1_243' title='bbox 1059 3533 1135 3590; x_wconf 84' lang='lat' dir='ltr'>locus,</span> <span class='ocrx_word' id='word_1_244' title='bbox 1146 3547 1194 3598; x_wconf 89' lang='lat' dir='ltr'>quo</span> <span class='ocrx_word' id='word_1_245' title='bbox 1204 3531 1287 3597; x_wconf 84' lang='lat' dir='ltr'>major,</span> <span class='ocrx_word' id='word_1_246' title='bbox 1296 3547 1371 3598; x_wconf 85' lang='lat' dir='ltr'>quum</span> 
     </span>
     <span class='ocr_line' id='line_1_32' title="bbox 318 3603 1371 3672; baseline 0 -17"><span class='ocrx_word' id='word_1_247' title='bbox 318 3621 393 3672; x_wconf 86' lang='lat' dir='ltr'>usqne</span> <span class='ocrx_word' id='word_1_248' title='bbox 401 3604 452 3655; x_wconf 87' lang='lat' dir='ltr'>ludi</span> <span class='ocrx_word' id='word_1_249' title='bbox 462 3619 501 3654; x_wconf 80' lang='lat' dir='ltr'>mc</span> <span class='ocrx_word' id='word_1_250' title='bbox 510 3603 617 3669; x_wconf 78' lang='lat' dir='ltr'>ignorare</span> <span class='ocrx_word' id='word_1_251' title='bbox 625 3606 709 3654; x_wconf 79' lang='lat' dir='ltr'>fateor.</span> <span class='ocrx_word' id='word_1_252' title='bbox 728 3607 816 3658; x_wconf 76' lang='lat' dir='ltr'>Bonus.</span> <span class='ocrx_word' id='word_1_253' title='bbox 868 3607 919 3657; x_wconf 76' lang='lat' dir='ltr'>hacc</span> <span class='ocrx_word' id='word_1_254' title='bbox 930 3607 1043 3657; x_wconf 77' lang='lat' dir='ltr'>scriberet</span> <span class='ocrx_word' id='word_1_255' title='bbox 1053 3605 1164 3664; x_wconf 78' lang='lat' dir='ltr'>Ovidius,</span> <span class='ocrx_word' id='word_1_256' title='bbox 1175 3607 1234 3656; x_wconf 76' lang='lat' dir='ltr'>alen</span> <span class='ocrx_word' id='word_1_257' title='bbox 1246 3605 1310 3656; x_wconf 85' lang='lat' dir='ltr'>luror</span> <span class='ocrx_word' id='word_1_258' title='bbox 1320 3605 1371 3655; x_wconf 81' lang='lat' dir='ltr'>Ro-</span> 
     </span>
    </p>

    <p class='ocr_par' dir='ltr' id='par_1_12' title="bbox 316 3678 1372 4268">
     <span class='ocr_line' id='line_1_33' title="bbox 350 3678 1372 3748; baseline 0.001 -18"><span class='ocrx_word' id='word_1_259' title='bbox 350 3681 409 3730; x_wconf 75' lang='lat'>363.</span> <span class='ocrx_word' id='word_1_260' title='bbox 429 3679 551 3744; x_wconf 76' lang='lat' dir='ltr'>Estgcnstt</span> <span class='ocrx_word' id='word_1_261' title='bbox 561 3681 587 3726; x_wconf 81' lang='lat' dir='ltr'>ia</span> <span class='ocrx_word' id='word_1_262' title='bbox 600 3681 691 3728; x_wconf 76' lang='lat' dir='ltr'>totidem</span> <span class='ocrx_word' id='word_1_263' title='bbox 704 3685 817 3730; x_wconf 80' lang='lat' dir='ltr'>tenutru-</span> <span class='ocrx_word' id='word_1_264' title='bbox 868 3697 949 3731; x_wconf 86' lang='lat' dir='ltr'>manos</span> <span class='ocrx_word' id='word_1_265' title='bbox 965 3681 1094 3740; x_wconf 70' lang='lat' dir='ltr'>inceseret,</span> <span class='ocrx_word' id='word_1_266' title='bbox 1111 3689 1136 3732; x_wconf 83' lang='lat' dir='ltr'>ct</span> <span class='ocrx_word' id='word_1_267' title='bbox 1153 3679 1232 3748; x_wconf 77' lang='lat' dir='ltr'>ipsunt</span> <span class='ocrx_word' id='word_1_268' title='bbox 1248 3678 1372 3746; x_wconf 86' lang='lat' dir='ltr'>inprimis</span> 
     </span>
     <span class='ocr_line' id='line_1_34' title="bbox 318 3752 1370 3822; baseline 0.002 -18"><span class='ocrx_word' id='word_1_269' title='bbox 318 3757 379 3806; x_wconf 64' lang='lat' dir='ltr'>douo</span> <span class='ocrx_word' id='word_1_270' title='bbox 403 3755 521 3801; x_wconf 56' lang='lat' dir='ltr'>”doctam</span> <span class='ocrx_word' id='word_1_271' title='bbox 548 3752 664 3818; x_wconf 66' lang='lat' dir='ltr'>Syma]</span> <span class='ocrx_word' id='word_1_272' title='bbox 700 3753 817 3817; x_wconf 66' lang='lat' dir='ltr'>Scfiptulti</span> <span class='ocrx_word' id='word_1_273' title='bbox 866 3754 971 3821; x_wconf 67' lang='lat' dir='ltr'>August.</span> <span class='ocrx_word' id='word_1_274' title='bbox 989 3755 1052 3822; x_wconf 85' lang='lat' dir='ltr'>apud</span> <span class='ocrx_word' id='word_1_275' title='bbox 1063 3772 1135 3822; x_wconf 87' lang='lat' dir='ltr'>quern</span> <span class='ocrx_word' id='word_1_276' title='bbox 1151 3754 1217 3804; x_wconf 87' lang='lat' dir='ltr'>idem</span> <span class='ocrx_word' id='word_1_277' title='bbox 1233 3753 1327 3804; x_wconf 81' lang='lat' dir='ltr'>aulicus</span> <span class='ocrx_word' id='word_1_278' title='bbox 1341 3769 1370 3806; x_wconf 75' lang='lat' dir='ltr'>sc</span> 
     </span>
     <span class='ocr_line' id='line_1_35' title="bbox 317 3825 1331 3896; baseline -0.002 -16"><span class='ocrx_word' id='word_1_279' title='bbox 317 3829 433 3894; x_wconf 72' lang='lat' dir='ltr'>Scaliger,</span> <span class='ocrx_word' id='word_1_280' title='bbox 452 3834 477 3876; x_wconf 86' lang='lat' dir='ltr'>ct</span> <span class='ocrx_word' id='word_1_281' title='bbox 493 3825 622 3875; x_wconf 72' lang='lat' dir='ltr'>Salmasius</span> <span class='ocrx_word' id='word_1_282' title='bbox 638 3827 669 3877; x_wconf 82' lang='lat' dir='ltr'>td</span> <span class='ocrx_word' id='word_1_283' title='bbox 688 3828 817 3880; x_wconf 76' lang='lat' dir='ltr'>Historiam</span> <span class='ocrx_word' id='word_1_284' title='bbox 867 3829 1204 3896; x_wconf 54' lang='lat' dir='ltr'>dennestetdurtupet.</span> <span class='ocrx_word' id='word_1_285' title='bbox 1238 3830 1331 3879; x_wconf 68' lang='lat' dir='ltr'>Arria.</span> 
     </span>
     <span class='ocr_line' id='line_1_36' title="bbox 316 3901 1368 3971; baseline 0.001 -19"><span class='ocrx_word' id='word_1_286' title='bbox 316 3908 465 3971; x_wconf 71' lang='lat' dir='ltr'>Angusttmt</span> <span class='ocrx_word' id='word_1_287' title='bbox 492 3901 533 3967; x_wconf 91' lang='lat' dir='ltr'>qui</span> <span class='ocrx_word' id='word_1_288' title='bbox 562 3901 688 3952; x_wconf 84' lang='lat' dir='ltr'>videndus.</span> <span class='ocrx_word' id='word_1_289' title='bbox 724 3904 816 3956; x_wconf 68' lang='lat' dir='ltr'>Herus.</span> <span class='ocrx_word' id='word_1_290' title='bbox 899 3906 956 3956; x_wconf 85' lang='grc'><strong>371.</strong></span> <span class='ocrx_word' id='word_1_291' title='bbox 982 3905 1046 3955; x_wconf 80' lang='lat' dir='ltr'>Tunc</span> <span class='ocrx_word' id='word_1_292' title='bbox 1064 3921 1142 3954; x_wconf 80' lang='lat' dir='ltr'>sumus</span> <span class='ocrx_word' id='word_1_293' title='bbox 1159 3904 1272 3968; x_wconf 74' lang='lat' dir='ltr'>incauti]</span> <span class='ocrx_word' id='word_1_294' title='bbox 1293 3904 1368 3970; x_wconf 70' lang='lat' dir='ltr'>lege,</span> 
     </span>
     <span class='ocr_line' id='line_1_37' title="bbox 317 3975 1371 4048; baseline -0.001 -20"><span class='ocrx_word' id='word_1_295' title='bbox 317 3980 411 4045; x_wconf 70' lang='grc' dir='ltr'>δρίιιιὶιι</span> <span class='ocrx_word' id='word_1_296' title='bbox 422 3975 716 4038; x_wconf 81' lang='lat' dir='ltr'>Berneusiscodex.l1uuc</span> <span class='ocrx_word' id='word_1_297' title='bbox 733 3977 816 4030; x_wconf 88' lang='lat' dir='ltr'>ludum</span> <span class='ocrx_word' id='word_1_298' title='bbox 868 3979 930 4027; x_wconf 85' lang='lat' dir='ltr'>Dum</span> <span class='ocrx_word' id='word_1_299' title='bbox 950 3997 1027 4028; x_wconf 69' lang='lat' dir='ltr'>sumto</span> <span class='ocrx_word' id='word_1_300' title='bbox 1046 3996 1101 4029; x_wconf 91' lang='lat' dir='ltr'>curn</span> <span class='ocrx_word' id='word_1_301' title='bbox 1122 3980 1200 4048; x_wconf 87' lang='lat' dir='ltr'>prima</span> <span class='ocrx_word' id='word_1_302' title='bbox 1219 3977 1325 4029; x_wconf 85' lang='lat' dir='ltr'>editione</span> <span class='ocrx_word' id='word_1_303' title='bbox 1347 3987 1371 4028; x_wconf 86' lang='lat' dir='ltr'>et</span> 
     </span>
     <span class='ocr_line' id='line_1_38' title="bbox 317 4050 1370 4122; baseline -0.002 -18"><span class='ocrx_word' id='word_1_304' title='bbox 317 4065 369 4122; x_wconf 87' lang='lat' dir='ltr'>post</span> <span class='ocrx_word' id='word_1_305' title='bbox 390 4051 532 4103; x_wconf 80' lang='lat' dir='ltr'>Salrnasimn</span> <span class='ocrx_word' id='word_1_306' title='bbox 552 4050 583 4099; x_wconf 82' lang='lat' dir='ltr'>nd</span> <span class='ocrx_word' id='word_1_307' title='bbox 602 4051 699 4116; x_wconf 86' lang='lat' dir='ltr'>Vopisci</span> <span class='ocrx_word' id='word_1_308' title='bbox 722 4053 816 4104; x_wconf 82' lang='lat' dir='ltr'>Pmcul.</span> <span class='ocrx_word' id='word_1_309' title='bbox 867 4061 967 4118; x_wconf 73' lang='lat' dir='ltr'>quatuor</span> <span class='ocrx_word' id='word_1_310' title='bbox 982 4051 1082 4120; x_wconf 86' lang='lat' dir='ltr'>scriptis.</span> <span class='ocrx_word' id='word_1_311' title='bbox 1099 4062 1124 4104; x_wconf 88' lang='lat' dir='ltr'>et</span> <span class='ocrx_word' id='word_1_312' title='bbox 1139 4055 1257 4117; x_wconf 77' lang='lat' dir='ltr'>operimur</span> <span class='ocrx_word' id='word_1_313' title='bbox 1272 4055 1299 4101; x_wconf 81' lang='lat' dir='ltr'>ia</span> <span class='ocrx_word' id='word_1_314' title='bbox 1315 4055 1370 4117; x_wconf 84' lang='lat' dir='ltr'>ipso,</span> 
     </span>
     <span class='ocr_line' id='line_1_39' title="bbox 316 4123 1321 4195; baseline -0.001 -17"><span class='ocrx_word' id='word_1_315' title='bbox 316 4145 372 4195; x_wconf 81' lang='lat' dir='ltr'>cap.</span> <span class='ocrx_word' id='word_1_316' title='bbox 384 4127 436 4178; x_wconf 79' lang='lat' dir='ltr'>xiii.</span> <span class='ocrx_word' id='word_1_317' title='bbox 451 4135 476 4175; x_wconf 89' lang='lat' dir='ltr'>et</span> <span class='ocrx_word' id='word_1_318' title='bbox 492 4123 636 4188; x_wconf 75' lang='lat' dir='ltr'>Scaligerurn</span> <span class='ocrx_word' id='word_1_319' title='bbox 653 4125 685 4174; x_wconf 84' lang='lat' dir='ltr'>ad</span> <span class='ocrx_word' id='word_1_320' title='bbox 696 4125 816 4177; x_wconf 77' lang='lat' dir='ltr'>catalect.</span> <span class='ocrx_word' id='word_1_321' title='bbox 866 4129 1004 4194; x_wconf 81' lang='lat' dir='ltr'>prootipto</span> <span class='ocrx_word' id='word_1_322' title='bbox 1013 4128 1121 4179; x_wconf 80' lang='lat' dir='ltr'>meliores</span> <span class='ocrx_word' id='word_1_323' title='bbox 1132 4127 1194 4178; x_wconf 86' lang='lat' dir='ltr'>libri.</span> <span class='ocrx_word' id='word_1_324' title='bbox 1229 4127 1321 4177; x_wconf 78' lang='lat' dir='ltr'>linus.</span> 
     </span>
     <span class='ocr_line' id='line_1_40' title="bbox 317 4197 816 4268; baseline -0.002 -16"><span class='ocrx_word' id='word_1_325' title='bbox 317 4219 371 4268; x_wconf 75' lang='lat' dir='ltr'>pag.</span> <span class='ocrx_word' id='word_1_326' title='bbox 380 4203 437 4252; x_wconf 78' lang='lat'>282.</span> <span class='ocrx_word' id='word_1_327' title='bbox 448 4197 575 4250; x_wconf 79' lang='lat' dir='ltr'>illustravit</span> <span class='ocrx_word' id='word_1_328' title='bbox 583 4198 723 4260; x_wconf 87' lang='lat' dir='ltr'>Gronovius,</span> <span class='ocrx_word' id='word_1_329' title='bbox 733 4199 774 4248; x_wconf 82' lang='lat' dir='ltr'>lit.</span> <span class='ocrx_word' id='word_1_330' title='bbox 783 4199 816 4251; x_wconf 89' lang='lat' dir='ltr'>iii.</span> 
     </span>
    </p>
   </div>
   <div class='ocr_carea' id='block_1_4' title="bbox 0 0 1536 5104">
    <p class='ocr_par' dir='ltr' id='par_1_13' title="bbox 0 0 1536 5104">
     <span class='ocr_line' id='line_1_41' title="bbox 0 0 1536 5104; baseline 0 3"><span class='ocrx_word' id='word_1_331' title='bbox 0 0 1536 5104; x_wconf 95' lang='lat' dir='ltr'> </span> 
     </span>
    </p>
   </div>
  </div>
 </body>
</html>
