3030 5108
364 372 429 438 140

635 359 701 438 ΔῬ.
721 363 883 438 ovlnn
906 363 1122 442 NASONIS
1189 365 1193 374 ⁵

367 544 422 618 Ut
438 567 596 643 perages
614 545 802 634 mandata,
822 547 929 635 liber,
947 535 1151 648 culpabere
1168 539 1311 638 lorsam,¹
1353 557 1411 628 ’35

415 658 640 757 Ingeniique
657 660 778 734 minor
794 661 905 736 laude
923 651 1042 738 ferere
1059 665 1148 740 mei.

362 773 387 846 J
391 775 512 849 udicis
529 775 692 850 officium
710 785 782 862 est,
801 786 934 864 utres,
952 776 1006 851 ita
1022 789 1336 878 temporetemm

414 883 613 973 Quaerere':
642 889 803 986 quaesito
821 899 991 989 tempure
1008 883 1113 968 tutus
1131 894 1218 969 eris,

364 1004 544 1080 Carmina
560 1005 784 1104 proveniunt
800 1006 925 1080 animo
942 1007 1109 1084 deducta
1126 1033 1281 1086 sereno:

415 1119 557 1194 Nubila
573 1131 663 1194 sunt
680 1119 815 1194 subitis
834 1131 1006 1219 tempora
1022 1135 1153 1198 nostra
1169 1125 1290 1199 malis,
1312 1133 1320 1144 “
1362 1132 1411 1222 40

364 1235 543 1310 Carmina
559 1259 751 1312 secessum
770 1236 970 1310 scribentis
988 1249 1028 1312 et
1045 1240 1125 1313 otia
1140 1252 1342 1337 quaemnt:

413 1349 480 1423 Me
497 1373 614 1444 mare,
632 1375 693 1426 me
710 1352 826 1437 venti,
844 1375 906 1427 me
922 1350 1002 1427 fere
1013 1345 1136 1451 jactat
1152 1355 1310 1454 hyems.

363 1465 605 1540 Carminibus
622 1477 747 1541 metus
764 1467 1035 1553 omnisabest:
1060 1461 1134 1567 'ego
1152 1471 1326 1568 perditus
1344 1495 1409 1546 en·

412 1578 614 1654 Haesurum
627 1583 762 1680 jugulo
775 1585 854 1682 jam
872 1596 966 1682 puto
980 1579 1139 1684 jamque
1156 1610 1254 1660 meo.
1298 1588 1409 1682 '[sem

363 1693 456 1769 Haec
475 1720 639 1795 quoque,
658 1700 761 1795 quod
782 1698 898 1788 facin·
905 1702 1027 1798 judex
1046 1697 1242 1776 mirabitur
1259 1725 1406 1800 aequus,

414 1811 640 1911 Scriptaque
657 1837 751 1886 cum
762 1813 870 1888 venia
887 1805 1179 1918 qualiacumque
1197 1816 1313 1914 leget.
1358 1821 1406 1892 46

362 1926 424 2000 Da
439 1927 530 2000 mihi
548 1927 778 2014 Maeoniden,
797 1940 837 2003 et
853 1939 912 2003 tot
929 1931 1177 2030 circumspice
1194 1955 1329 2020 casus;

412 2042 611 2142 Ingenium
630 2046 745 2122 tantis
763 2045 916 2122 excidet
932 2071 1044 2120 omne
1061 2047 1183 2120 malis.

360 2213 490 2262 infaustum
521 2213 655 2264 videbatur.
680 2233 704 2266 r.
726 2215 815 2266 Tubuli·
841 2216 858 2264 i.

360 2285 399 2334 El.
413 2287 437 2336 3.
453 2286 575 2336 Meursius
589 2288 619 2337 ad
633 2288 789 2356 Lycopltr.‘v.
801 2289 859 2338 370.

359 2361 472 2410 Hancne.

393 2436 433 2484 ³5.
454 2435 608 2499 Usperngm]
627 2436 857 2502 Egcutproquam·

361 2510 396 2559 vis
411 2509 458 2567 bic,
475 2517 502 2558 ut
518 2509 613 2568 millies,
629 2509 712 2576 capio:
730 2510 787 2561 licet
804 2528 857 2578 per·

347 2587 426 2648 agas,
442 2599 496 2648 qne
512 2583 607 2640 mando,
625 2583 760 2650 culpaberis
777 2593 857 2636 tamen

360 2657 427 2714 torte.
442 2665 466 2706 et
478 2656 537 2706 inte
549 2657 670 2723 requirent
683 2657 804 2723 ingenium
812 2659 857 2708 'dn-

360 2729 417 2779 rnini
440 2731 489 2779 tui:
507 2733 584 2780 eblrtc
597 2735 632 2780 irc
649 2731 723 2780 etiam
741 2747 788 2781 non
805 2747 858 2782 mn·

359 2813 499 2855 cumcontra
507 2806 682 2866 omneslibros;
699 2821 755 2854 nam
764 2808 858 2870 pluente

253 2911 263 2932 s
358 2895 388 2929 ex
398 2880 474 2944 priore
484 2895 553 2929 versu
563 2881 663 2946 irrepsit.
697 2881 786 2929 Bunrr.

391 2953 432 3035 (ll.
453 2953 551 3016 Utres]
570 2953 632 3002 Rem
646 2953 685 3002 bic
698 2954 804 3018 appellat
814 2971 855 3004 ne-

358 3037 449 3090 guttum
467 3027 493 3076 in
511 3027 579 3092 cujus
597 3027 728 3091 questione
743 3027 857 3090 queritur

358 3100 433 3158 locus,
452 3109 554 3164 tempus,
573 3098 666 3155 modus,
684 3097 783 3147 occmic.
816 3099 859 3148 lsn‘

242 3163 249 3176 “
359 3184 466 3234 tempora.
498 3173 602 3239 Tempus
613 3171 651 3220 hic
663 3179 708 3226 est,
719 3175 854 3237 opportuni·

358 3256 403 3294 tas.
419 3246 491 3294 Men.
523 3245 615 3308 Jrsdics's
625 3243 731 3308 ficium.
757 3244 855 3311 Digres-

357 3319 400 3374 aio,
409 3333 458 3384 qua
467 3334 510 3368 ana
518 3318 633 3374 carmina,
643 3333 697 3382 que
708 3304 854 3370 nulla⁸animi

358 3390 531 3456 tranquillitate
542 3391 656 3455 nulloque
665 3390 723 3440 satis
732 3395 856 3445 commodo

357 3469 410 3516 loco
420 3464 618 3530 scriptaesaear't.
630 3475 735 3514 excusat.
768 3466 859 3517 Crors

390 3541 431 3590 ³9.
454 3539 582 3602 Deducta]
604 3538 738 3589 Translatic
757 3555 770 3589 a
789 3541 854 3601 lana,

290 3643 297 3654 .
358 3629 412 3680 ane
420 3613 445 3662 in
457 3611 598 3661 tenuitatem
608 3611 741 3661 deducitur.

389 3688 429 3736 40.
449 3685 664 3749 Temporalem]
684 3686 754 3744 Quod
767 3697 858 3753 pretuo

356 3762 438 3817 limus,
447 3759 535 3810 tristia:
546 3758 580 3809 sic
589 3759 673 3809 Cicero¹
681 3761 782 3810 multum
789 3779 853 3830 sepe

356 3837 402 3886 istc
413 3835 528 3884 vocabulo
537 3834 625 3883 utitur:
643 3834 702 3883 dicit
712 3835 792 3896 etiam,
809 3839 852 3887 Ve-

358 3911 404 3958 lese
418 3910 550 3971 tenporibus
558 3925 566 3967 ,·
583 3925 658 3974 quum
674 3925 759 3975 nempe
775 3927 804 3961 ex
818 3915 853 3962 al-

356 3985 430 4034 terius
439 3983 587 4032 incommode
597 3999 641 4032 sua
649 3983 704 4048 quis
713 3984 779 4050 capit
788 4002 852 4036 com-

357 4057 436 4110 moda.
454 4055 650 4108 Ietnrbr'dvenr'm
657 4061 854 4123 minnepsrsp'eus

355 4135 386 4182 nd
416 4135 716 4197 ret‚puidrerumngulasr.

406 4207 430 4256 2.
452 4205 558 4271 Eyssen]
588 4205 611 4256 b.
630 4222 652 4255 e.
676 4213 806 4273 tempestas
828 4209 852 4260 in

908 2216 981 2278 mari;
1003 2217 1059 2266 hinc
1078 2217 1201 2282 eleganter
1221 2216 1299 2276 addit,
1312 2221 1409 2282 jactet.-

908 2289 933 2340 in
943 2288 1027 2341 itinere
1036 2291 1101 2341 enin
1113 2292 1200 2340 librum
1213 2291 1278 2341 bunc
1292 2291 1408 2359 seriptum

907 2377 969 2422 esse,
978 2364 1028 2430 ipse
1038 2365 1100 2414 inlra
1111 2366 1127 2413 i.
1138 2365 1175 2414 El.
1186 2366 1223 2414 10.
1234 2365 1258 2414 2.
1275 2365 1408 2428 caninjae-

909 2439 955 2486 τιή
967 2455 1023 2488 vern
1033 2442 1106 2488 matis
1115 2447 1140 2488 et
1149 2441 1223 2488 stadia
1236 2447 1303 2488 recte
1319 2447 1345 2488 et
1358 2440 1407 2489 ele·

906 2523 991 2574 gauter
1005 2511 1063 2570 dici,
1076 2527 1124 2561 nnn
1131 2515 1223 2575 ,laeteri
1240 2514 1326 2568 unis.
1337 2509 1409 2562 ducet

907 2584 989 2634 Burni.
1001 2587 1033 2635 ad
1043 2585 1142 2636 Hersid.
1150 2585 1175 2634 ii.
1186 2587 1235 2635 ³5.
1259 2585 1376 2636 Hesus.

939 2660 980 2708 43.
994 2661 1082 2724 Alaea]
1101 2661 1193 2709 Abesse
1204 2658 1291 2718 debet;
1302 2673 1407 2724 namque

906 2731 954 2781 alic
964 2732 1078 2783 dhtracta
1088 2747 1146 2782 cura
1159 2732 1256 2782 minime
1269 2731 1314 2780 illa
1324 2731 1408 2796 nequit

906 2805 1040 2870 expendere
1061 2821 1115 2873 qure
1134 2806 1166 2855 ad
1185 2804 1305 2870 legitimos
1326 2821 1408 2855 versus

906 2879 1065 2943 requiruntur.

939 2951 1042 3016 Eureia]
1070 2951 1117 3002 Vel
1147 2952 1178 3000 ab
1205 2950 1308 3000 inimicis
1336 2967 1406 3000 exau·

905 3025 953 3074 lem
979 3024 1182 3092 persequentibus,
1204 3025 1242 3073 vel
1266 3040 1284 3073 a
1302 3025 1407 3089 Scythis,

904 3101 944 3164 qui
960 3100 1061 3148 maxime
1074 3099 1168 3148 barbari
1183 3098 1406 3164 mesnminjicinnt.

936 3174 977 3221 47.
995 3173 1090 3238 Mean]
1118 3174 1142 3222 b.
1160 3189 1188 3224 e..
1204 3173 1345 3230 Homerum,
1363 3173 1405 3237 qni

903 3248 976 3297 etiarn
998 3247 1109 3304 Maeonius
1126 3247 1217 3296 'dicitur
1231 3247 1281 3295 ael
1297 3260 1318 3300 ,a
1338 3256 1405 3312 patre

903 3323 1012 3379 Marone.
1025 3323 1111 3372 vel-ex
1132 3323 1232 3370 aliorum
1249 3321 1369 3370 sentemia
1390 3337 1405 3370 a

904 3395 1019 3453 Maronia,
1030 3393 1112 3460 Lydiae
1123 3395 1226 3460 regione.
1260 3395 1374 3444 linem.

938 3470 1111 3533 Circumspice]
1129 3468 1242 3526 Heinsius
1251 3467 1405 3517 scribendum

904 3551 986 3593 censet
992 3546 1131 3607 eirenesjice¹
1142 3543 1225 3592 Burm.
1236 3557 1292 3592 reso
1301 3544 1403 3590 emenu-

904 3620 994 3680 s'nps'ee.
1027 3617 1079 3682 Ego
1090 3633 1145 3667 vern
1157 3617 1183 3666 in
1198 3631 1316 3666 concensu
1331 3615 1405 3664 libre-

904 3707 955 3741 rum
970 3692 1029 3740 nibil
1043 3691 1185 3742 mutandum
1202 3689 1316 3750 arbitron
1332 3705 1404 3740 voca·

903 3765 961 3814 bulo
975 3772 1060 3831 preter
1074 3779 1103 3813 ea
1117 3766 1178 3813 bono
1193 3771 1306 3830 apteque.
1339 3763 1404 3812 Con-

902 3837 981 3888 sidera
999 3853 1080 3886 omnes
1097 3851 1176 3894 cuns,
1194 3837 1281 3901 quibua
1297 3835 1404 3900 undique

903 3913 1029 3980 opprimor,
1041 3911 1078 3961 bis
1087 3911 1165 3968 malis,
1176 3911 1247 3960 etiam
1257 3909 1277 3958 si
1288 3909 1343 3974 quia
1350 3910 1404 3960 Hc·

903 4001 982 4035 merus
990 3995 1060 4042 esset,
1067 3984 1144 4034 omnis
1155 3984 1228 4049 rigon
1235 3983 1351 4036 naturalis
1360 3985 1405 4034 illa

902 4059 1014 4108 cuminis
1027 4059 1083 4108 boni
1099 4057 1219 4124 pangendi
1237 4057 1348 4115 facultas,
1363 4075 1403 4107 au-

902 4132 953 4182 bitn
963 4131 1046 4190 abibit,
1056 4133 1137 4182 elllnet
1147 4141 1197 4188 aut,
1207 4137 1235 4179 ut
1243 4139 1315 4196 poeta
1324 4131 1403 4196 gravi·

903 4206 1017 4264 lerdinit,
1027 4209 1120 4256 cecidet.
1153 4205 1268 4254 Hennes.
