2974 5100
262 394 501 461 TRISTIUM
526 393 616 460 LIB.
641 395 684 462 V.
710 395 846 463 ELEG.
872 395 944 463 IX.
1065 401 1132 467 333

69 567 122 642 Te
140 568 272 642 solum
291 569 417 644 meriti
434 593 609 644 canerem
627 593 790 659 memor;
821 571 936 670 inque
955 571 1094 648 libellis

118 684 323 760 Crevisset
341 686 422 759 sine
439 696 479 760 te
495 686 636 784 pagina
653 686 757 761 nulla
777 688 885 762 meis.

71 798 171 884 Quid
189 800 266 874 tibi
286 801 466 876 deberem
484 810 565 874 tota
582 801 743 877 sciretur
760 801 798 875 in
817 803 925 892 urbe,
1109 809 1133 878 5

120 915 249 990 Exsul
270 917 310 989 in
330 916 469 991 amissa
486 917 519 990 si
537 927 666 993 tamen
686 919 778 992 urbe
796 919 914 1016 legor.

72 1031 124 1107 Te
142 1057 322 1132 praesens
341 1033 483 1121 mitem,
502 1044 541 1108 te
559 1045 691 1109 nosset
710 1036 827 1110 serior
845 1047 950 1124 aetas,

121 1151 285 1250 Scripta
302 1159 529 1224 vetustatem
548 1150 580 1225 si
598 1153 711 1225 modo
730 1163 859 1227 nostra
875 1153 1011 1230 ferent.

74 1264 154 1341 Nec
172 1267 249 1342 tibi
266 1275 438 1340 cessaret
455 1265 592 1340 doctus
611 1267 708 1340 bene
727 1267 855 1342 dicere
874 1269 1012 1359 lector3

119 1381 197 1458 Hic
215 1383 290 1457 tibi
309 1393 457 1456 servato
474 1393 560 1457 vate
578 1393 749 1458 maneret
767 1383 898 1457 honor.
1086 1389 1132 1460 10

75 1501 241 1575 Caesaris
260 1512 322 1576 est
336 1501 497 1600 primum
515 1523 665 1586 munus,
682 1499 786 1599 quod
803 1499 978 1574 ducimus
996 1525 1130 1578 auras:

121 1618 262 1692 Gratia
279 1627 369 1716 post
386 1639 542 1714 magnos
561 1627 622 1691 est
638 1616 707 1691 tibi
725 1615 901 1690 habenda
920 1615 1036 1692 Deos.

76 1732 143 1807 llle
161 1732 274 1808 dedit
289 1731 430 1821 vitam;
459 1743 513 1819 tu,
534 1755 649 1831 quam
666 1731 773 1806 dedit
790 1730 866 1820 ille,
886 1733 1015 1819 tueris,

83 1889 89 1903 ·
124 1848 175 1922 Et
192 1849 292 1922 facis
311 1857 470 1946 accepto
488 1871 643 1923 munere
661 1871 775 1947 posse
793 1847 878 1924 frui.

77 1963 284 2062 Quumque
296 1963 549 2063 perhorruerit
559 1985 671 2037 casus
681 1987 768 2062 pars
784 1963 950 2039 maxima
960 1973 1127 2056 nostros3

123 2079 223 2154 Pars
242 2079 361 2154 etiam
379 2077 482 2152 credi
500 2078 741 2176 pertimuisse
758 2079 860 2166 velit,
1085 2085 1130 2156 16

79 2194 409 2294 Naufragiumque
425 2217 551 2268 meum
569 2195 715 2269 tumulo
733 2195 915 2295 spectarit
932 2197 981 2270 ab
998 2199 1088 2286 alto,

126 2310 210 2386 Nec
229 2310 380 2384 dederit
397 2308 501 2383 nanti
520 2333 588 2408 per
605 2308 701 2384 freta
717 2296 1010 2400 saeva'manum3

80 2425 319 2502 Seminecem
340 2426 476 2525 Stygia
493 2425 678 2500 revocasti
697 2427 801 2499 solus
819 2426 998 2500 abunda.

124 2542 209 2618 Hoc
246 2565 403 2642 quoque
438 2543 541 2639 quod
577 2565 761 2616 memores
798 2563 999 2640 possumus
1030 2566 1129 2630 esse,

224 2669 336 2733 tuum
354 2668 424 2732 est.
1079 2663 1130 2732 20

81 2773 126 2847 Dl
142 2775 212 2849 tibi
231 2798 273 2848 se
291 2773 461 2847 tribuant
478 2797 566 2846 curn
585 2773 739 2846 Caesare
758 2796 907 2870 semper
925 2771 1088 2848 amicos:

124 2890 211 2965 Non
229 2889 358 2989 potuit
374 2901 502 2963 votum
520 2888 668 2989 plenius
687 2913 772 2964 esse
789 2911 929 2963 meum.

107 3125 130 3172 ⁴.
147 3123 256 3174 cmm
269 3117 320 3174 sine
337 3122 380 3186 ta]
400 3121 518 3173 Omnibus
533 3139 576 3190 pa·
628 3124 718 3174 horruit
724 3124 776 3190 ejus
786 3139 865 3182 emus,
874 3131 908 3184 et,
916 3138 964 3190 quo
973 3123 1052 3174 miuus
1062 3123 1130 3174 auxi·

80 3195 137 3260 ginis
146 3207 170 3247 ta
180 3197 352 3247 celebrassem.
628 3197 685 3248 lium
697 3199 774 3256 ferret,
788 3183 918 3264 pertimuit,
930 3207 971 3247 aut
981 3197 1130 3264 pertimuisse

108 3273 132 3320 3.
145 3271 228 3321 Pereat
237 3281 461 3321 murtatmncrtra
470 3271 577 3336 scripta]
628 3273 692 3322 credi
704 3273 788 3330 voluit,
805 3289 834 3321 ne
846 3273 969 3338 Augustus
982 3273 1132 3323 maceretur.

78 3343 133 3394 sunt
143 3345 173 3394 ad
178 3344 291 3413 'posteros
300 3353 453 3411 perventura.
630 3345 710 3410 Atque
722 3347 869 3412 Verpocrtan
882 3347 945 3395 bene
962 3345 1071 3396 laudavit
1088 3346 1131 3396 ci-

108 3421 146 3469 12.
158 3421 210 3470 Post
220 3437 316 3487 magnus
327 3418 408 3483 Deua]
428 3419 485 3468 Post
493 3420 578 3469 Jovem
628 3435 707 3468 ceron.
726 3419 756 3468 ad
773 3419 858 3468 divers.
876 3419 893 3467 i.
910 3419 979 3486 epist.
995 3421 1019 3469 9.
1037 3437 1072 3470 nr.
1089 3421 1130 3470 30.

78 3503 100 3541 et
111 3493 243 3560 Augustum
254 3515 260 3543 ι
280 3494 321 3543 vel
333 3495 400 3543 Deos
410 3493 515 3560 adpellat
526 3493 577 3542 Au·
629 3493 654 3540 Sl
664 3497 791 3542 ademundi
797 3504 861 3550 sunt,
872 3496 892 3540 sl
899 3495 939 3557 qai
945 3497 1116 3556 pmbnaeraer
1122 3513 1131 3554 ,·

78 3577 167 3630 gustum
177 3575 202 3618 et
210 3569 263 3634 ejus
273 3569 370 3618 liberos.
405 3568 477 3616 Men.
627 3569 700 3631 magis
713 3568 1130 3632 ettamrepreltendandi,rlquireti·

118 3642 154 3689 16.
176 3641 349 3703 Ρηείωιιίπι.]
365 3641 460 3688 -Burm
480 3641 577 3706 conjicit
627 3656 687 3688 mere
695 3643 844 3689 rimaturum.
876 3641 992 3690 Hennes.

78 3718 216 3774 petuma„
230 3715 287 3764 lae.
303 3714 404 3780 quidam
419 3715 491 3762 etiam
504 3731 576 3772 nunc,
663 3713 700 3761 19.
718 3713 874 3777 seminecem]
893 3713 1130 3780 Seluspostdugue-

79 3802 148 3850 quum
156 3785 576 3846 ridentmeexenlem‚utereurent‚
627 3793 678 3834 tum
691 3785 790 3834 serrasti
804 3799 853 3834 me.
886 3787 966 3836 Pons.
999 3786 1130 3852 Stygium-

80 3861 312 3929 quudnullamcpem
320 3859 577 3919 attenuabuntur,
627 3863 712 3909 uocaui
728 3862 788 3909 calar
801 3861 829 3908 ab
846 3864 918 3909 unda.
950 3860 989 3909 Sic
1005 3859 1047 3909 ille
1064 3859 1127 3925 apud

79 3947 102 3982 re
111 3933 471 4001 diupmtimuissehaucmeem
479 3949 577 4000 poenam
628 3933 766 3983 Comicum:
785 3933 889 3982 Solutab
900 3933 958 3981 Orco
968 3943 1083 3982 mortuam
1092 3950 1128 3981 mo

79 4017 100 4056 et
110 4023 175 4059 carus
185 4009 310 4071 infelicem
327 4010 387 4075 quia
397 4024 460 4076 sepe
468 4009 578 4059 viderant
627 4012 731 4057 reducem
743 4011 768 4056 in
779 4007 950 4072 lacensecortr.
1063 4021 1066 4026 ·

79 4097 113 4130 me
126 4082 183 4133 ab·
198 4083 337 4140 admittere,
359 4081 447 4148 quibua
466 4083 578 4133 exsilium
660 4085 701 4132 22.
723 4083 820 4132 Plenius
838 4082 905 4145 aare]
929 4081 1009 4138 Quam
1025 4081 1127 4144 precari,

79 4165 179 4205 mererer.
215 4159 251 4208 At
271 4159 339 4210 euim
358 4160 502 4222 pertimuisse
518 4159 577 4208 lorte
628 4164 655 4206 ut
665 4157 707 4205 Dii
718 4173 774 4206 eum
789 4155 883 4206 Curare
896 4153 940 4204 tibi
953 4152 1001 4202 sint
1016 4151 1086 4201 amici
1102 4161 1127 4202 et

79 4230 158 4278 ”mvi
169 4241 260 4298 potest:
279 4249 338 4300 para
348 4231 447 4296 quidem
461 4247 507 4281 nou
524 4249 577 4298 per·
627 4231 730 4296 propitii.
