2982 5118
263 411 334 478 ux
358 393 519 476 rouro
543 406 634 476 uro.
656 407 719 476 1v.
744 404 890 478 irrisu.
911 411 981 478 111.
1081 415 1146 481 ree

102 581 257 659 Excitat
274 585 422 659 auditor
440 583 627 674 studium3
648 583 877 683 laudataque
893 586 1011 660 virtus
1095 593 1144 664 35

150 700 316 789 Crescit,
336 709 375 778 et
392 701 616 776 immensum
635 702 753 800 gloria
769 703 893 776 calcar
909 703 1037 779 habet.

102 815 174 891 Hic
192 841 281 892 mea
293 819 353 892 cui
373 819 540 906 recitem,
555 817 626 892 nisi
644 819 749 892 flavis
769 819 910 920 scripta
929 819 1101 912 Corallis,

148 934 334 1035 Quasque
352 936 444 1010 alias
462 946 595 1034 gentes
612 937 794 1011 barbarus
813 935 913 1012 Ister
929 937 1068 1013 habet?

101 1051 177 1125 Sed
195 1052 291 1149 quid
310 1054 413 1126 solus
432 1052 567 1148 agam?
594 1077 748 1152 quaque
766 1051 930 1128 infelicia
947 1055 1101 1154 perdam

149 1167 242 1242 Otia
259 1168 428 1256 materia,
448 1168 732 1269 subripiamque
750 1171 877 1246 diem?
1095 1176 1145 1244 40

100 1281 199 1357 Nam
215 1284 307 1382 quia
324 1308 394 1359 nec
406 1283 547 1372 vinum,
567 1307 637 1360 nec
655 1307 716 1361 mc
734 1295 839 1362 tenet
856 1287 940 1362 alea
956 1283 1084 1374 fallax,

149 1398 227 1475 Per
244 1425 331 1498 quae
349 1402 447 1475 clani
464 1401 622 1476 tacitum
639 1413 789 1503 tempus
808 1404 911 1478 abire
930 1403 1026 1477 solet
1041 1430 1049 1490 ;

103 1515 185 1592 Nec
203 1541 278 1602 me,
295 1517 398 1616 quod
416 1541 606 1617 cuperem,
624 1518 654 1593 si
674 1543 740 1618 per
757 1518 836 1593 seru
853 1520 953 1594 bella
969 1519 1110 1604 liceret,

151 1633 333 1708 Oblectat
350 1634 455 1708 cultu
472 1643 570 1709 terra
587 1645 724 1709 novata
740 1660 829 1709 suo:

102 1746 215 1836 Quid,
235 1749 308 1822 nisi
326 1747 510 1836 Pierides,
530 1751 664 1826 solatia
681 1750 827 1848 frigida,
847 1759 976 1837 restat,
1094 1753 1143 1824 45

151 1863 240 1938 Non
258 1867 356 1940 bene
374 1866 422 1940 dc
439 1866 548 1940 nobis
566 1890 652 1966 quae
671 1889 840 1942 meruere
859 1865 978 1941 Daae?

101 1977 152 2054 At
168 1990 224 2068 tu,
243 1979 307 2053 cni
323 1979 464 2056 bibitur
481 1980 626 2056 felicius
644 1981 789 2056 Aonius
807 1981 903 2068 fons,

151 2093 308 2170 Utiliter
323 2096 489 2170 studium
508 2097 610 2196 quod
627 2097 697 2172 tibi
716 2098 829 2186 cedit,
849 2121 954 2172 ama:

103 2208 296 2309 Sacraque
308 2209 503 2286 Musarum
514 2214 757 2303 meritocole;
771 2214 950 2313 quodque
961 2214 1143 2311 legamus,

93 2379 102 2396 .
150 2323 236 2402 Huc
256 2327 410 2427 aliquod
427 2353 527 2404 curae
543 2331 653 2406 mitte
671 2331 832 2406 recentis
849 2353 959 2430 opus.
1096 2334 1145 2403 50

441 2692 703 2772 EPISTOLA
730 2694 806 2771 Ill.

365 2881 543 2950 ntulco
577 2879 902 2965 INSTABILI„

102 3035 385 3126 Coruonnnn,
401 3061 449 3110 an
462 3038 634 3112 taceam?
651 3056 788 3136 ponam
806 3035 887 3110 aine
905 3033 1054 3108 nomine
1070 3035 1142 3107 cri-

146 3153 207 3228 An
222 3162 370 3240 notum,
386 3153 452 3252 qui
471 3156 535 3242 sis,
550 3155 724 3229 omnibus
739 3151 968 3228 esseveliml
1013 3151 1143 3246 [ment

100 3351 235 3412 ciebat,red
248 3362 332 3403 contra
344 3371 439 3404 tensum
452 3364 595 3406 atmetruur.
646 3371 716 3413 cosa.
736 3355 770 3404 ita
791 3361 818 3402 ut
839 3353 891 3403 diat
909 3351 1025 3401 elabatur.
1058 3352 1146 3402 Sototr'u

130 3428 170 3476 ³⁴.
192 3427 258 3477 Idam
278 3428 333 3492 art]
359 3430 425 3478 Obert
450 3430 518 3481 Leid-
537 3429 596 3480 edit.
638 3432 743 3498 frigido.
775 3429 814 3478 Itu
834 3443 928 3494 quoque
956 3425 1019 3494 apud
1041 3427 1146 3486 Grecos,

100 3501 293 3568 Gryph.Berarn.
304 3501 387 3551 etalii.
647 3501 832 3570 ψυκράτέρψις.
860 3501 943 3569 Eurip.

130 3577 168 3624 37.
190 3575 244 3625 Nur
263 3577 338 3641 fluuit
358 3575 480 3640 contla]
506 3575 596 3627 Coralli
679 3577 720 3626 46.
739 3577 794 3632 Qua
811 3593 859 3626 nort
875 3577 929 3624 berta
943 3590 1045 3624 mmm
1061 3577 1089 3623 da
1105 3593 1144 3624 no

101 3648 177 3714 populi
202 3650 270 3700 tuere
297 3650 322 3699 iu
341 3665 384 3700 ora
403 3649 496 3699 Pontici
517 3650 597 3700 mnis.
647 3651 700 3715 tin]
719 3653 780 3710 Qua
790 3650 850 3699 milri
861 3657 1002 3699 nocuerunt.

102 3723 177 3774 runo
188 3724 226 3774 rel
242 3723 275 3773 ad
289 3739 392 3783 comm
402 3732 429 3774 ut
442 3725 550 3784 ξανθοὺς
560 3723 597 3774 in·
679 3727 720 3775 ta.
730 3724 862 3787 Studium]
878 3722 988 3772 Studium
998 3720 1096 3788 poetice
1108 3735 1145 3768 ar-

99 3797 189 3865 telllgat
204 3813 266 3856 ωε,
277 3807 302 3848 et
317 3798 428 3865 perhoc,
438 3798 542 3849 drocus:
557 3799 595 3850 vel
646 3797 685 3849 tir.
719 3800 786 3854 Οιωά
802 3802 844 3848 titt
861 3799 928 3848 aaut.
945 3795 1016 3853 Quod
1032 3792 1075 3841 tibi
1091 3809 1145 3843 suc·

101 3869 130 3920 td
141 3873 228 3940 reliqui
242 3872 348 3940 eorporis
364 3873 467 3923 coloratu
483 3872 596 3924 adludere
646 3873 712 3923 cedit
732 3873 836 3922 utiliter:
858 3871 908 3922 tiva
927 3870 1016 3926 utilior,
1035 3867 1079 3915 hoe
1099 3875 1144 3924 est,

100 3947 239 4011 putandam.
281 3949 321 3997 De
338 3947 440 3998 Corallis
464 3956 546 3998 autern
572 3956 597 3998 et
646 3949 740 4006 melius,
751 3963 823 4013 quam
834 3945 901 3995 mihi.

100 4019 181 4071 sunto
190 4022 301 4073 meminit
310 4022 371 4071 libro
381 4023 489 4090 raptlmo.

132 4098 169 4146 40.
179 4099 355 4162 &tenum
371 4098 452 4161 dim]
471 4095 542 4148 Clam
559 4112 596 4146 ra·
680 4097 703 4146 l.
715 4097 801 4144 Ponam
815 4096 864 4142 tine
874 4093 962 4140 nomint
977 4089 1083 4153 crinon]
1103 4089 1143 4138 Au

101 4170 163 4234 pium
179 4179 255 4222 totum
271 4171 343 4222 diem.
371 4171 521 4238 Subripimus
534 4169 598 4222 enim
648 4170 722 4220 debeo
737 4177 827 4220 tautum
843 4163 933 4216 odmen
942 4175 1010 4216 tuum
1020 4177 1145 4232 mpprcrro

102 4243 170 4304 diam,
186 4245 285 4313 quaudo
296 4261 408 4296 vacentur
425 4243 498 4296 alicui
513 4244 547 4295 rai
561 4245 598 4310 jo·
647 4242 742 4296 nomine
744 4240 891 4365 1oatgudcral

768 4333 777 4365 r
