3030 5108
432 379 658 452 Remulus
680 377 879 446 AMORIS.
1102 381 1165 448 121

107 561 215 646 Quod
234 560 268 635 si
286 583 360 636 vos
378 557 517 656 aliquis
534 554 723 632 conducet
739 575 849 630 casus
867 553 906 628 in
923 577 1054 642 unum,

154 675 291 752 Mente
308 697 465 754 memor
478 672 575 760 tote,
593 693 680 770 qum
697 669 831 744 damus
850 693 965 758 armo,
984 679 1086 746 tene.

110 793 217 868 Nunc
236 817 340 893 opus
358 803 422 870 est
439 789 577 868 urmisa
604 789 678 876 hic,
697 787 720 860 6
737 785 953 875 fortissime,
972 811 1113 886 pugna.

155 909 364 986 Vincenda
380 908 534 983 esttelo
552 904 799 982 Penthesilea
814 913 894 978 tuo.
1094 909 1168 979 676

113 1023 221 1100 Nunc
239 1025 314 1100 tibi
333 1024 474 1111 rivalis,
494 1047 594 1098 nunc
613 1023 749 1096 durum
764 1021 894 1108 limen,
914 1021 1076 1096 emanti:

159 1141 275 1216 Nunc
294 1139 437 1216 mediis
455 1141 618 1214 subeunt
635 1136 740 1212 irritu
753 1137 870 1211 verba
888 1135 993 1212 Deis.

114 1256 193 1334 Nec
210 1281 407 1356 compone
424 1267 565 1342 comos,
585 1253 678 1352 quia
694 1253 745 1326 sis
762 1263 942 1327 venturus
961 1253 1009 1328 ad
1026 1253 1151 1328 illam:

161 1373 244 1448 Nec
265 1385 362 1470 toga
376 1371 430 1453 *sit
449 1372 536 1446 laxo
553 1368 825 1468 conspiciendo
842 1367 940 1442 sinu.
1099 1375 1174 1445 680

120 1489 234 1565 Nulla
252 1490 305 1564 sit
322 1499 368 1564 ut
386 1488 539 1587 placeas
557 1487 690 1562 alicnus
708 1507 800 1558 curn
815 1485 975 1583 puellae:

163 1605 186 1679 J
189 1631 254 1680 am
272 1605 392 1680 facito
410 1629 431 1684 e
449 1604 578 1682 multis
596 1626 673 1676 una
689 1601 738 1675 sit
755 1599 819 1676 illo
834 1599 917 1674 tibi.

124 1721 196 1796 Sed
215 1721 314 1820 quid
333 1720 527 1819 praecipue
544 1717 683 1792 nostris
698 1717 895 1791 conatibus
913 1717 1051 1805 obstet,
1161 1721 1174 1735 '

167 1837 363 1938 Eloquar3
394 1837 571 1934 exemplo
589 1858 781 1933 quemque
798 1835 959 1909 docente
977 1859 1059 1934 suo.

122 1953 345 2036 Desinimus
364 1953 486 2040 tarde3
506 1951 597 2050 quia
614 1975 683 2025 nos
702 1973 897 2049 speremus
916 1951 1044 2026 amari.
1104 1955 1180 2027 685

168 2070 274 2144 Dum
295 2067 375 2143 sibi
394 2068 558 2167 quisque
576 2069 715 2166 placet,
735 2061 889 2142 credula
905 2069 1016 2144 turba
1033 2092 1177 2146 sumus

123 2185 172 2260 At
188 2197 229 2260 tu
248 2209 324 2260 nec
343 2207 459 2259 voces
477 2183 588 2282 (quid
607 2183 708 2258 enim
725 2183 894 2258 fallacius
912 2183 1029 2278 illisi)

172 2303 314 2392 Crede,
334 2325 408 2378 nec
426 2311 587 2378 aetemos
606 2302 756 2401 pondus
773 2297 913 2376 habere
933 2299 1048 2380 Deos,

156 2589 211 2637 666.
227 2587 285 2635 lum
292 2586 357 2652 soce
374 2596 403 2636 ut
420 2589 524 2636 emuttir
539 2603 588 2636 una
604 2591 633 2636 u‘t
684 2603 731 2636 non
753 2601 796 2652 pro
814 2593 864 2642 tuo,
879 2583 923 2632 sed
938 2599 981 2650 pro
999 2581 1078 2634 alieno
1096 2584 1184 2638 hebere

126 2661 168 2710 ou
184 2660 250 2724 rut]
276 2660 391 2710 Scribam
411 2660 521 2720 libenter,
537 2661 635 2726 Jamque
684 2661 775 2722 debes;
798 2661 836 2710 fec
856 2667 884 2708 ut
902 2657 995 2708 illusit
1012 2657 1087 2709 tibio
1104 2661 1186 2714 multis

121 2734 176 2799 seu
185 2753 197 2784 e
206 2736 297 2784 uultis.
332 2735 383 2784 Sed
397 2733 425 2784 et'
437 2735 551 2802 superiori
567 2751 634 2786 versu
684 2752 743 2794 unu,
760 2750 837 2800 neque
851 2733 995 2800 precipuum
1009 2739 1051 2782 eut
1065 2735 1184 2800 egregium

84 2871 94 2878 -
126 2825 173 2874 pro,
185 2809 262 2858 Notio
273 2809 451 2867 eurnomnino,
464 2810 634 2876 Muttnlegen·
685 2809 783 2860 habeas.
799 2809 877 2856 alona
888 2815 932 2862 est,
946 2805 1059 2863 alienate,
1071 2806 1109 2856 vel
1124 2817 1185 2858 tum·

127 2883 190 2942 dum,
200 2892 228 2932 nt
243 2882 319 2950 paulo
335 2893 393 2932 ants
409 2885 499 2934 monui.
516 2883 632 2950 quioquid
684 2900 756 2950 quum
771 2890 893 2938 extranee.
903 2880 1024 2929 utTeren.
1035 2879 1106 2931 Adel.
1117 2881 1185 2935 iiim.

128 2955 180 3007 libri
190 2965 283 3008 veteres
292 2955 456 3006 dissentiunt:
685 2959 807 3008 AEwhinut
819 2958 909 3005 attam
921 2965 954 3004 m
967 2973 982 3003 a
998 2957 1186 3022 nortrcsurettia.

159 3031 236 3080 Mutuo
246 3033 277 3079 rit
289 3041 317 3079 ut
327 3032 422 3094 placeat
431 3031 512 3080 otim
520 3047 580 3080 cura
589 3047 635 3094 pu·
686 3039 711 3081 et
725 3032 814 3096 Hecyr.
825 3029 842 3079 i.
852 3028 878 3078 ii.
889 3029 955 3085 Quod
969 3029 1031 3078 tune
1042 3030 1144 3082 αὶίιπιιη
1157 3038 1187 3085 at

223 3105 283 3162 ure,
685 3109 807 3156 moidit.
824 3101 1015 3171 possetetlegir

193 3179 293 3244 donique
301 3177 363 3244 suec
374 3194 387 3226 e
397 3179 475 3226 multis
488 3179 533 3227 uo
546 3181 576 3228 rit
590 3195 639 3228 uno
720 3181 775 3229 Jnm
778 3181 837 3247 soce
846 3181 874 3228 de
884 3181 964 3228 multis
973 3193 1022 3227 una
1031 3181 1061 3227 tit
1071 3179 1115 3230 itta
1123 3186 1173 3235 tibi.

228 3255 279 3302 titi.
690 3255 724 3304 Ut
733 3271 795 3304 unus
804 3257 832 3302 de
847 3257 908 3302 notis
921 3260 947 3302 et
955 3251 1050 3309 similis,
1061 3253 1092 3303 de
1102 3257 1190 3322 quibus

134 3325 359 3392 Fo‚inqnit,curnm
367 3324 641 3391 convertentediipuel·
691 3327 740 3377 vid.
752 3328 784 3378 nd
798 3329 893 3378 Petron.
902 3327 961 3375 xliv.
993 3327 1082 3376 Eunu.

135 3399 163 3450 le
172 3401 276 3466 placete.
287 3409 367 3466 utque
378 3407 444 3448 tuem
461 3400 528 3450 illum
539 3415 587 3450 non
596 3399 642 3448 nisi
723 3402 780 3452 666.
791 3403 855 3450 Dum
864 3403 906 3450 uiti
916 3402 1008 3465 quisquis
1015 3402 1115 3467 placet]
1133 3405 1191 3456 Ma.

135 3473 193 3524 inter
202 3475 293 3524 multas
302 3489 381 3530 emes.
393 3488 423 3522 ne
434 3474 485 3523 tole
495 3489 579 3522 teneus
589 3479 644 3522 tuos
692 3475 724 3534 lo,
739 3479 839 3540 placent.
859 3475 912 3534 vide
930 3485 997 3525 notes
1012 3475 1095 3526 Amor.
1109 3479 1152 3529 lib.
1164 3479 1190 3532 ii.

136 3559 241 3614 occupet.
262 3549 359 3598 Herse.
382 3547 435 3612 Ego
445 3547 537 3598 nultum
547 3563 643 3598 mutum
691 3551 731 3598 El.
742 3549 777 3598 xi.
787 3565 847 3599 vers.
862 3551 903 3598 21.
934 3550 1025 3599 Herse.
1051 3551 1082 3600 In
1095 3553 1192 3604 Mente-

136 3621 247 3680 video‚si
268 3621 433 3672 Heinsinnam
453 3620 643 3671 emendationem
692 3623 903 3689 linnoemtsauet:
921 3623 985 3689 qnod
997 3622 1036 3673 hic
1050 3627 1192 3689 proferrem,

136 3711 269 3761 mquemur,
285 3704 312 3746 et
327 3694 472 3744 inconcinne
488 3695 643 3745 admodum·
693 3713 740 3748 non
747 3697 811 3747 enim
817 3698 857 3748 hic
866 3697 897 3748 de
908 3698 1029 3757 superbie,
1037 3715 1091 3763 quse
1100 3703 1193 3768 proprie

138 3772 269 3836 pueuaitla
282 3770 375 3826 eliens,
387 3769 412 3818 in
423 3777 580 3834 pentametro,
591 3785 643 3818 ora·
694 3772 753 3821 tecit
767 3781 794 3820 ut
811 3772 855 3822 sibi
871 3773 984 3838 placent
1001 3772 1114 3831 homines,
1132 3776 1194 3839 (vid.

136 3844 168 3896 tio
188 3846 218 3896 nd
240 3847 321 3903 illm,
341 3859 417 3909 quem
435 3844 492 3892 olim
513 3853 643 3902 eruerent,
694 3845 724 3895 ed
742 3847 839 3895 Petron.
855 3846 928 3908 xliv.)
947 3845 988 3894 sod
1004 3845 1033 3895 de
1044 3861 1080 3904 eo,
1092 3848 1133 3912 qui
1150 3849 1195 3900 sibi

137 3920 289 3978 muretum,
300 3933 361 3968 cum
375 3918 405 3967 τὸ
416 3919 459 3966 itta
469 3917 499 3966 de
512 3917 595 3968 eodem
605 3916 645 3982 egi
694 3919 824 3978 blunditur,
835 3935 945 3970 csusmm
955 3933 1023 3969 suem
1032 3920 1083 3988 ipse
1093 3921 1151 3986 egit
1160 3925 1196 3976 sic

136 3994 252 4044 scedas
268 4007 349 4059 querc
364 3989 496 4055 milgetam,
511 4007 583 4056 quam
597 4007 646 4040 om·
696 4010 760 4060 supr.
773 3994 813 4043 74.

137 4082 178 4119 nee
191 4068 291 4118 codices
305 4065 462 4122 confirment,
478 4065 577 4123 retineo,
594 4081 647 4130 qus
733 4067 842 4118 Vindictae
852 4067 1087 4133 quinquesoeetemae.

135 4141 198 4192 tnnc
216 4144 341 4210 optimum
356 4153 454 4188 nusum
468 4139 549 4190 habet.
564 4139 585 4189 ei
599 4138 650 4190 uiis
698 4143 730 4191 Et
749 4157 812 4190 mox.
832 4143 889 4191 696.
907 4145 954 4206 ipre
966 4141 1068 4207 fovebit,
1084 4157 1136 4190 mm
1157 4146 1200 4195 siti

134 4211 648 4284 rittibicumplscendipuelle,quemjnm
699 4216 931 4268 Bersmnnnieditio.
964 4217 1052 4264 Burin.
