2990 5114
258 465 267 488 δ
360 377 428 446 286
656 377 695 442 P.
720 375 884 446 0v1u11
908 377 1122 448 NASONIS

364 551 439 641 llli,
458 573 556 650 quos
573 550 683 628 nudie
701 549 895 628 hominum
912 553 1079 650 gaudere
1096 578 1241 645 cruore,

413 667 532 742 Paene
550 669 622 742 sub
639 667 813 764 ejusdem
830 667 965 744 sideris
982 693 1056 745 axe
1068 672 1215 768 jacent.

364 783 401 858 N
404 807 448 858 ec
466 783 599 884 procul
616 805 641 858 a
656 783 766 860 nobis
783 784 890 860 locus
906 797 980 873 est,
999 787 1064 861 ubi
1081 786 1244 864 Taurica
1259 789 1343 866 dire

415 900 534 975 Caede
551 900 780 1001 pharetrate
797 901 968 1001 poscitur
984 927 1050 978 are
1068 903 1174 980 Deae.

363 1014 459 1090 Haec
472 1015 590 1117 prius,
605 1028 649 1091 ut
658 1025 880 1106 memorent,
889 1043 965 1094 non
977 1019 1162 1096 invidioso
1170 1020 1359 1112 nefandis,
1371 1027 1421 1098 65

416 1131 500 1208 Nec
517 1132 709 1234 cupiendo
726 1133 849 1221 honis,
865 1157 983 1232 regnu
994 1135 1177 1212 Thoantis
1194 1150 1318 1214 erunt.

363 1247 439 1324 Hic
457 1273 526 1348 pro
544 1249 743 1348 subposita
757 1249 864 1347 virgo
878 1249 1062 1350 Pelopeia
1077 1275 1190 1328 cerva

416 1365 536 1440 Sacro
554 1364 648 1440 Deoe
666 1364 786 1439 coluit
802 1365 1096 1464 qualiacumque
1113 1393 1206 1442 suoe.

364 1482 450 1567 Quo
464 1492 681 1583 postquem,
692 1481 851 1556 dubium
866 1481 951 1580 pius
965 1505 1014 1556 un
1025 1483 1244 1572 sceleratus,
1258 1483 1420 1560 Orestes

417 1597 587 1676 Exactus
605 1597 713 1672 iuriis
730 1609 886 1674 venerat
903 1600 986 1698 ipse
1004 1601 1096 1688 suis,
1373 1608 1422 1676 70

365 1713 416 1792 Et
432 1739 563 1791 comes
580 1715 801 1814 exemplum
818 1715 896 1791 veri
914 1714 1101 1792 Phocaens
1121 1717 1270 1804 amoris,

415 1833 491 1918 Qui
508 1833 584 1908 duo
600 1833 834 1932 corporibus,
853 1833 1046 1908 mentibus
1069 1859 1166 1908 unus
1184 1845 1312 1922 erant3

363 1948 542 2024 Protinus
560 1949 698 2026 evincti
716 1949 851 2025 Triviae
864 1951 1053 2026 ducuntur
1071 1951 1120 2026 nd
1138 1974 1253 2037 eram

414 2066 509 2151 Quae
527 2069 658 2144 stabat
675 2069 846 2166 gemines
864 2079 954 2144 ente
971 2079 1131 2144 cruento
1147 2067 1266 2142 fores:
1372 2073 1419 2141 74

364 2181 448 2258 Nec
472 2194 600 2260 tamen
623 2185 725 2260 hunc
748 2209 818 2260 sua
841 2209 955 2274 mors,
974 2209 1044 2260 nec
1068 2207 1169 2259 more
1192 2208 1261 2258 sun
1283 2185 1422 2260 terruit

413 2298 522 2374 Alter
538 2301 589 2374 ob
607 2301 762 2376 alterius
778 2300 913 2377 sunere
928 2311 1086 2377 moestus
1103 2311 1206 2376 erat:
1264 2299 1416 2396 [illum;

365 2411 416 2490 Et
427 2417 509 2513 jam
525 2416 748 2491 constiterat
764 2417 896 2492 stricto
910 2439 1092 2492 mucrone
1106 2415 1297 2503 sacerdos,

415 2531 601 2608 Cinxernt
617 2542 657 2606 et
675 2531 812 2608 Graios
829 2533 993 2608 barbam
1008 2532 1103 2608 vitto
1120 2555 1270 2621 comns;

395 2685 865 2754 osuurm1m2n3nu2
914 2685 1419 2754 noeaoeane-apuleam

361 2761 472 2818 crudelis,
480 2761 511 2812 de
520 2777 570 2826 que
577 2761 713 2812 Herodotus
722 2761 783 2812 libro
794 2777 864 2828 quer·
913 2763 1032 2814 anuntio
1046 2762 1170 2814 theolutne
1183 2761 1364 2820 suentense
1378 2762 1420 2812 Ut·

360 2843 402 2896 to;
418 2843 443 2884 et
453 2834 536 2884 lih.iii.
547 2834 578 2884 de
589 2835 665 2885 Ponto
676 2835 748 2885 Elii.
756 2837 800 2886 80.
914 2851 969 2887 cero
978 2836 1004 2886 iu
1014 2836 1119 2886 cretione
1130 2853 1173 2902 pro
1184 2835 1284 2885 Milone.

395 2909 435 2958 ⁶4.
452 2908 541 2972 Cede]
561 2909 640 2960 Morte
657 2909 786 2974 hospitum.
810 2909 865 2960 Dee
948 2909 1296 2976 ⁷1.Ptm.]1³ytade.ex
1311 2909 1418 2961 Phocide

358 2983 498 3044 pharetrate
508 2986 620 3044 percitum
636 2983 697 3032 Dee
705 2983 802 3042 Dione,
810 2999 864 3049 quet
915 2983 1088 3049 regione‚hliue
1096 2983 1199 3049 Strophii
1209 3003 1215 3032 :
1227 2982 1359 3035 fidissimus
1368 2986 1418 3052 q'ut

361 3066 475 3124 tenquem
487 3057 620 3108 venetionir
635 3057 691 3108 Dee
705 3057 800 3124 sagittis
813 3058 860 3108 uti-
915 3067 940 3108 et
950 3057 1087 3108 individuus
1098 3073 1187 3108 comer.

361 3140 407 3182 tur.
436 3133 495 3182 llec
505 3132 565 3184 retia
575 3131 605 3182 td
617 3132 752 3183 tenendum
764 3133 862 3191 invenit,
946 3133 986 3182 ⁷2.
998 3129 1073 3182 Φιλία
1088 3129 1140 3182 leel
1156 3131 1202 3197 μία
1215 3129 1289 3196 ψυχὴ
1304 3131 1334 3183 lv
1347 3129 1417 3182 δυοῖν

174 3201 178 3214 ’
256 3217 258 3222 “
361 3223 390 3258 ex
404 3223 452 3274 quo
466 3217 491 3258 et
502 3208 625 3274 Dictynne
635 3217 672 3257 est
685 3209 862 3276 cognominato.
912 3207 1023 3274 σώμασιν
1034 3205 1114 3256 Greci
1128 3205 1208 3256 dicere
1224 3206 1344 3264 solebant.
1355 3216 1380 3256 et
1390 3206 1417 3255 il·

361 3282 491 3333 Colebttur
502 3291 583 3334 eutem
590 3283 655 3334 circe
664 3283 862 3350 Ephesumfflon·
912 3281 955 3331 lud
965 3281 1058 3331 Horatii
1069 3280 1086 3330 i.
1096 3279 1145 3330 Od.
1152 3281 1176 3330 3.
1189 3280 1231 3330 uhi
1241 3281 1298 3332 ride
1305 3281 1416 3332 anhin.

362 3365 421 3413 tum.
432 3357 564 3414 Persidem,
580 3366 605 3407 et
619 3359 731 3408 Cretam:
749 3356 812 3408 unde
829 3359 862 3409 E·
911 3359 1031 3406 dinidiuue
1044 3359 1125 3406 crine
1136 3372 1198 3412 eree,
1209 3363 1247 3406 eet
1257 3356 1416 3408 uotiedmnnt.

361 3429 453 3497 pheeit,
464 3431 556 3489 Ctede,
564 3431 752 3498 Truropolireec
766 3433 862 3484 Perses.
912 3431 1025 3480 llum.

394 3505 434 3554 67.
445 3505 514 3568 Hic]
534 3505 563 3570 ln
572 3505 674 3554 Teurice
684 3505 789 3570 regione.
810 3507 861 3555 Vir·
944 3505 984 3556 73.
996 3503 1100 3569 lhioie]
1120 3503 1146 3554 h.
1157 3520 1180 3556 e.
1197 3505 1294 3562 Dim,
1303 3503 1341 3554 rel
1351 3501 1415 3570 quod

358 3599 389 3648 go
402 3581 514 3644 Pelopeia.
531 3579 665 3647 Iphigenia,
675 3579 725 3630 filia
732 3581 861 3646 Agnmem·
911 3575 937 3629 in
946 3579 1032 3628 ‘lhiriir
1042 3580 1175 3646 ponehetur
1185 3580 1251 3646 apud
1262 3579 1370 3635 Graece.
1377 3577 1414 3626 rel

361 3654 437 3713 nonis,
448 3671 478 3706 et
492 3654 589 3720 Pelopis
604 3669 698 3719 genere.
723 3655 771 3703 Pru
784 3657 863 3719 subpo
911 3655 1006 3721 propter
1023 3654 1142 3724 triplicem
1152 3655 1200 3703 rim
1217 3663 1244 3704 et
1259 3661 1412 3720 potantem.

359 3733 404 3780 etto
424 3745 499 3778 cerua.
536 3728 583 3778 Pro
609 3743 689 3786 cem.
707 3745 782 3796 quem
808 3729 862 3780 loco
912 3728 1001 3796 quippe
1015 3745 1070 3795 que
1085 3728 1171 3778 eedem
1186 3728 1280 3778 Lucina
1297 3744 1320 3776 e.
1336 3728 1414 3783 Luue.

360 3803 491 3871 Iphigenia
512 3803 614 3870 euhjeoit
634 3802 725 3862 Ditnu,
744 3811 771 3854 ut
791 3803 863 3855 docet
912 3803 994 3852 Dieuc
1008 3813 1033 3852 et
1043 3802 1184 3869 Proserpina
1194 3802 1337 3858 hebebetun
1348 3808 1414 3850 uter

359 3878 455 3930 Servius
465 3878 490 3928 in
500 3877 647 3930 corrutione
657 3877 709 3944 ojus
720 3893 809 3934 versut,
912 3876 1064 3942 Mythologia
1075 3883 1176 3926 murtet-
1199 3875 1314 3924 Hennes.

393 3952 512 4018 Sartguiuc
525 3953 632 4016 pomo
643 3961 728 4010 ventor,
738 3961 760 4001 et
772 3954 863 4018 virgine
946 3951 987 3998 78.
997 3949 1104 4000 Baeton
1117 3949 1200 4013 vitto.]
1219 3948 1352 4013 vittaque
1361 3945 1413 3996 rin·

426 4043 490 4076 cetu.
911 4023 1128 4090 ciehenhireorom
1143 4021 1233 4090 cepitu,
1245 4022 1286 4087 qui
1302 4021 1357 4072 Deo
1370 4018 1411 4067 eli·

392 4101 433 4150 m.
442 4101 499 4150 Pius
509 4119 540 4150 an
550 4099 694 4163 scelerum]
706 4098 776 4149 Unde
787 4115 861 4166 quum
912 4099 951 4146 cui
966 4097 1158 4148 immolabuntur.
1187 4095 1309 4160 Virgilius,
1322 4095 1379 4144 ΕΔ.
1389 4091 1414 4141 ii.

360 4175 558 4242 Areopegiterum
565 4175 684 4242 judicium
692 4173 810 4232 subiisset,
819 4189 860 4224 rt-
914 4172 969 4222 1³³.
980 4181 1003 4222 et
1013 4175 1100 4222 circum
1112 4181 1211 4236 uespere
1221 4173 1292 4220 cittae.

360 4249 425 4300 rietie
441 4249 563 4300 hominum
577 4249 710 4306 sententiis,
722 4263 769 4299 non
784 4248 860 4298 tolum
