2974 5100
277 371 513 441 rnlsrwnr
536 372 628 438 LlB.
653 373 696 442 V.
718 373 854 442 ELEG.
878 373 941 440 Vl.
1068 379 1134 446 825

78 546 241 622 Sarcinn
258 573 359 635 sum,
377 547 516 636 sate0r3
539 572 652 646 quam
671 548 703 622 si
721 559 764 622 tu
781 559 952 647 ternpore
964 551 1060 625 duro
1109 557 1132 628 5

127 662 390 762 Depositums
408 689 510 752 erus*
522 687 598 738 oon
616 665 815 740 subeunda
828 664 912 738 fuit.

79 779 281 855 Fluctibus
298 781 338 854 in
355 782 489 856 mediis
507 805 653 870 navem,
674 779 865 868 Palinure,
885 781 1094 879 relinquis?

128 895 190 970 Ne
209 896 327 993 fuge;
357 921 451 971 neve
470 908 538 971 tun
555 897 604 970 sit
622 897 742 970 minor
760 905 839 970 arte
857 896 965 970 fides.

80 1009 283 1110 Numquid
298 1011 503 1097 Achilleos,
522 1013 620 1086 iuter
632 1011 711 1086 lere
728 1011 868 1110 praelia,
887 1011 952 1084 fidi

128 1125 317 1202 Deseruit
334 1127 464 1201 levitas
482 1125 775 1200 Automedontis
794 1127 939 1223 equos?
1089 1132 1135 1202 10

80 1239 205 1325 Quem
225 1242 348 1316 semel
366 1241 530 1338 excepit,
550 1240 735 1338 numquid
753 1239 965 1314 Podalirius
984 1265 1085 1339 aegro

127 1355 368 1431 Promissam
385 1355 543 1430 medicae
562 1378 636 1428 non
654 1355 740 1429 tulit
757 1355 848 1429 artis
867 1357 1006 1454 opem?
1106 1439 1108 1446 ,

81 1469 248 1570 Turpius
267 1471 428 1568 ejicitur,
448 1493 564 1568 quam
583 1494 657 1544 non
675 1469 885 1545 admittitur
903 1472 1063 1570 hospes;

128 1585 229 1670 Quae
248 1585 385 1685 patuit,
403 1586 549 1660 dextrae
567 1585 675 1660 firma
692 1584 742 1658 sit
759 1608 823 1659 ara
840 1609 947 1661 mere.

84 1702 159 1789 Nil,
179 1702 257 1776 nisi
276 1725 338 1775 me
356 1701 490 1787 solum,
510 1701 630 1799 primo
646 1710 790 1775 tutatus
808 1725 871 1776 es:
893 1713 932 1776 ot
949 1727 1049 1778 nunc
1090 1709 1134 1779 15

131 1818 201 1892 Me
219 1819 364 1917 pariter
381 1842 499 1906 serva,
514 1817 780 1914 judiciumque
798 1825 927 1892 tuum:

85 1933 255 2009 simodo
269 1959 346 2008 non
360 1933 488 2031 aliquo
501 1943 561 2006 est
572 1932 609 2004 in
620 1957 680 2006 me
691 1955 788 2006 nova
800 1934 934 2030 culpa3
956 1943 1136 2032 tuamque

133 2049 337 2124 Mutarunt
355 2049 481 2122 subito
498 2047 657 2122 crimina
674 2058 802 2122 nostra
819 2047 955 2122 fidem:

87 2167 252 2266 Spiritus
280 2166 357 2252 hic,
390 2165 573 2265 Scythica
598 2189 713 2263 quem
738 2189 812 2237 non
837 2165 936 2238 bene
963 2165 1137 2240 ducimus

133 2283 250 2368 Quod
270 2281 395 2381 cupio,
410 2283 589 2376 membris
607 2293 722 2358 exeat
738 2293 828 2356 ante
846 2281 954 2368 meis,
1017 2283 1135 2377 [aum

87 2397 210 2482 Quam
228 2409 299 2472 tua
315 2397 454 2474 delicto
472 2397 704 2495 stringantur
722 2409 878 2495 pectora
892 2407 1032 2483 nostro,
1087 2401 1131 2470 21

135 2514 187 2588 Et
203 2513 336 2588 videar
353 2514 486 2588 merito
503 2513 610 2588 vilior
626 2537 712 2587 esse
729 2513 810 2587 tibi.

89 2627 174 2702 Non
192 2629 291 2704 adeo
309 2628 379 2702 toti
397 2628 483 2702 fatis
501 2652 678 2726 urgemur
696 2627 847 2725 iniquis,

138 2743 192 2818 Ut
209 2767 299 2818 mea
316 2743 366 2816 sit
382 2742 505 2840 longis
523 2767 630 2818 mens
649 2743 803 2842 qu'oque
822 2753 923 2816 mota
943 2743 1064 2817 malis.

91 2859 205 2956 Finge
218 2870 523 2934 tamenmotam:
544 2859 692 2956 quoties
704 2859 988 2955 Agamemnone
1007 2870 1138 2932 natum

138 2975 296 3050 Dixisse
314 2975 354 3047 in
373 2975 546 3074 Pyladen
563 2977 678 3050 verba
694 2986 869 3074 proterva
885 2975 1025 3071 putas?
1089 2979 1138 3048 26

91 3143 143 3195 ceps
158 3129 243 3179 leviter
259 3125 409 3190 desemine}
426 3129 481 3180 dein
492 3147 534 3196 pro
550 3147 590 3179 ru·
676 3131 716 3178 ll.
742 3129 865 3191 Nunquam
889 3127 1040 3192 Podaliriun]
1065 3127 1140 3176 Non·

91 3204 237 3270 mreeepit
246 3219 304 3253 cum
314 3203 446 3254 Cornbinno
454 3205 515 3254 libro
524 3221 590 3253 cnor-
641 3205 768 3266 quidemn
787 3201 925 3250 Combiano.
943 3201 1031 3251 llnmn.
1066 3201 1142 3251 Podo-

91 3293 141 3334 m,
157 3278 215 3343 quin
236 3275 326 3326 melius
347 3278 473 3344 respondet
493 3280 529 3343 τῷ
542 3295 590 3326 ειη·
643 3281 716 3326 lirim.
735 3275 888 3340 AEnculnpiun
902 3275 964 3324 tillon
977 3275 1073 3341 reliquit
1086 3277 1141 3326 Μι-

92 3351 347 3413 «punitorum
359 3350 384 3400 ii.
400 3355 440 3402 45.
473 3352 590 3417 Equidem
642 3351 765 3406 cleonem,
793 3359 817 3398 et
844 3348 999 3408 Podalirium,
1028 3351 1069 3416 qui
1097 3353 1142 3401 arti

93 3441 166 3474 curm
180 3426 290 3476 nondum
307 3426 454 3482 damonem,
466 3440 539 3491 quum
550 3443 592 3474 eu·
642 3435 747 3490 putemne
757 3424 840 3481 dediti,
851 3440 926 3489 quum
941 3424 972 3474 nd
982 3425 1077 3490 Trojum
1088 3419 1143 3476 cunr

92 3515 137 3547 ναι
152 3503 276 3564 rurelpen,
298 3507 392 3548 veteres
411 3514 505 3564 quoque
526 3498 591 3548 dice·
641 3498 821 3564 Agamemnone
840 3500 1000 3563 navigassent,
1015 3500 1143 3564 plurimum

92 3581 148 3626 rent.
172 3574 238 3624 Ioco
256 3571 328 3622 dabir
344 3572 444 3622 Genneri
457 3573 593 3622 Thesaurus
642 3574 733 3623 Grecis
750 3573 774 3622 iu
793 3589 822 3622 eo
837 3572 902 3621 bello
921 3573 1033 3622 comodis
1049 3591 1143 3624 summo

94 3645 119 3694 l..
126 3647 151 3695 l.
162 3649 206 3696 snb
218 3665 241 3696 r.
252 3649 377 3708 meipaere.
402 3646 516 3696 Hennes.
642 3647 721 3696 studio
731 3645 871 3695 vulnerum
881 3647 991 3712 opitulati
1001 3657 1064 3704 nunt,
1076 3661 1142 3712 meg-

122 3722 145 3770 7.
161 3721 291 3771 Pelinurun
304 3719 368 3769 fidus
379 3721 463 3769 AEnee
477 3722 592 3786 guberna·
642 3735 695 3769 nem
705 3721 735 3769 ob
746 3719 771 3767 id
782 3719 881 3784 gloriam
891 3720 981 3786 adepti.

94 3803 134 3852 tor,
146 3811 228 3844 somno
246 3803 337 3861 cnptun
353 3793 379 3842 in
390 3793 517 3859 medioque
534 3794 593 3844 meri
674 3795 715 3842 21.
726 3794 904 3858 Stringnntnr.]
917 3795 941 3842 lr.
951 3809 973 3841 e.
984 3793 1109 3842 lrednntur.
1121 3811 1143 3840 v.

94 3868 207 3936 ddnpens,
225 3883 317 3918 nerem
335 3867 452 3917 destituit.
467 3885 491 3918 r.
507 3869 593 3933 Virgil.
642 3882 714 3932 nuprn
731 3867 758 3915 ii.
781 3867 839 3915 56³.
861 3867 1013 3931 frangantur
1033 3863 1101 3913 Iaeid.
1119 3872 1144 3912 et

95 3943 318 4008 AEn.v.83³.nqq.
342 3942 455 3991 Hennes.
645 3939 941 4006 Bermtr'ngnnmrnliunr
959 3935 1143 3993 monnone-

126 4019 161 4066 10.
173 4018 284 4068 Dumt't
298 4016 401 4079 laniem]
415 4015 469 4080 Ipse
480 4015 595 4065 Autome·
645 4029 713 4063 nens.
723 4015 777 4063 cod.
788 4014 841 4062 loco
853 4015 894 4061 rur
902 4031 911 4070 ,-
927 4011 991 4077 quod
1004 4007 1144 4073 nondinpli·

95 4089 137 4139 dnn
153 4092 214 4141 levin
230 4091 326 4148 inisset,
339 4089 360 4138 si
376 4091 402 4140 in
418 4089 496 4138 medio
515 4089 596 4154 praelin
645 4097 692 4136 cet.
714 4088 828 4136 Hennes.

95 4178 181 4214 currum
191 4164 309 4220 Achillis,
320 4179 392 4230 quern
409 4163 514 4226 regebat,
527 4163 595 4211 dese·
678 4163 719 4211 25.
731 4160 839 4222 Motum]
858 4160 965 4208 Mentem
977 4168 1028 4202 esse
1039 4167 1143 4201 commo-
1165 4203 1169 4214 ,

95 4236 181 4288 miser.
206 4239 291 4288 Pour.
646 4243 703 4284 tarn.
732 4238 994 4300 Agomemnoneuatum.
1011 4227 1121 4278 Oresten.
