3064 5104
362 311 513 380 nutus
534 310 802 382 Auernum
825 312 917 383 LIB.
942 314 1012 380 111.
1149 314 1196 380 dd

138 489 177 562 Si
195 491 296 562 bene
314 497 357 560 te
375 487 479 572 novi,
497 486 618 560 cultas
636 509 684 560 ne
701 485 797 559 laede
814 488 982 584 puellas;

174 605 335 692 Gratia,
355 604 453 678 dum
470 603 585 689 vives,
603 602 678 678 ista
693 603 957 700 petendatibi.
1152 697 1153 700 Ἴ

142 721 263 796 Dixit:
294 731 336 796 et
354 745 377 792 e
394 729 520 816 myrto
538 721 681 816 (myrto
697 741 785 792 nam
801 719 926 794 vincta
942 721 1099 819 capillos

188 835 447 928 Constiterat)
466 833 595 908 folium
613 857 804 931 granaque
822 859 946 933 pauca
961 837 1079 913 dedit.

141 952 340 1026 Sensimus
359 950 530 1049 acceptis
548 974 688 1026 numen
706 975 872 1049 quoque.
900 953 1025 1052 purior
1041 955 1158 1030 ether

189 1067 325 1152 Fulsit,
346 1076 388 1140 et
405 1090 428 1140 e
445 1077 524 1142 toto
542 1077 695 1164 pectore
713 1067 828 1142 cessit
842 1092 949 1142 onus.
1143 1075 1192 1145 56

144 1183 242 1256 Dum
253 1183 348 1256 facit
358 1183 574 1280 ingenium
595 1185 712 1282 petite
728 1183 814 1258 hinc
828 1195 1032 1283 praecepta,
1043 1185 1192 1284 puellae¹

191 1298 299 1383 Quas
316 1299 457 1396 pudor,
475 1309 514 1372 et
530 1299 648 1396 leges,
667 1309 706 1374 et
724 1321 794 1371 sua
805 1299 893 1395 jura
909 1301 1051 1376 sinunt.

148 1412 324 1487 Venturae
343 1435 534 1488 memores
548 1414 629 1510 jam
642 1435 743 1488 nnnc
761 1423 882 1488 estote
899 1427 1085 1492 senectae:

194 1529 258 1602 Sic
278 1529 429 1602 nullum
447 1528 552 1602 vobis
569 1539 718 1628 tempus
736 1530 856 1604 abibit
870 1531 982 1608 iners.
1148 1538 1198 1608 60

149 1643 246 1716 Dum
264 1644 371 1731 licet,
391 1655 433 1718 et
449 1668 555 1720 venos
571 1646 686 1720 etiam
703 1669 802 1720 nunc
820 1647 931 1722 editis
949 1672 1079 1738 annos,

196 1759 355 1834 Ludite:
386 1770 480 1834 eunt
496 1761 584 1834 anni
602 1783 705 1835 more
722 1761 872 1836 fluentis
889 1787 1011 1862 aquae.

152 1873 243 1960 Nec,
260 1899 353 1972 xquae
373 1877 568 1973 proeteriit,
587 1876 722 1950 iterum
740 1879 975 1954 revocabitur
988 1881 1106 1956 unda:

148 2089 153 2103 ·
198 1990 294 2079 Noc,
314 2015 405 2088 quae
424 1993 615 2090 preteriit,
634 1993 726 2067 liora
742 1994 864 2069 redire
881 2007 1020 2094 potest.

147 2283 216 2333 minis
236 2301 306 2350 opem
328 2283 355 2334 in
377 2300 476 2334 cervum
501 2285 650 2351 implorante.
701 2285 765 2336 Vide
784 2303 839 2352 qua
860 2297 1002 2338 annotamus
1023 2290 1055 2339 ad
1076 2289 1151 2358 Epist.
1172 2291 1200 2342 ii.

147 2357 275 2422 Magnifice
286 2360 318 2408 de
329 2358 476 2416 eaniutil.
490 2359 570 2410 lmtit.
581 2361 650 2410 Oret.
700 2375 763 2412 rers.
776 2361 817 2410 39.
848 2361 941 2412 Hune.
976 2365 1039 2413 Dum
1058 2367 1119 2414 natet
1135 2370 1202 2432 tuge-

148 2453 172 2484 x.
183 2437 202 2484 i.
219 2437 334 2486 Peumata
341 2436 525 2487 Stesichoritex
536 2447 561 2488 et
568 2437 651 2503 viginti
700 2439 764 2484 mum
781 2435 876 2502 Apronii
882 2454 890 2496 ;
906 2437 949 2502 qui
961 2447 986 2486 et
992 2440 1062 2504 janot
1075 2435 1201 2506 proruit

147 2510 213 2560 libris
222 2511 353 2578 composita
364 2509 467 2560 tradidit
477 2509 570 2562 suidas.
596 2513 651 2561 Me·
700 2509 811 2558 lectione.
822 2508 1002 2560 utetismmulti
1011 2511 1069 2562 editi
1078 2523 1102 2562 et
1110 2513 1200 2578 scripti.

149 2584 535 2652 niuretp'sptmudnnnus,
546 2585 652 2637 xiii.nsc
700 2583 742 2632 scd
760 2599 805 2648 ego
823 2581 883 2632 nihil
903 2593 978 2636 muto.
996 2585 1053 2636 dure
1070 2587 1201 2651 ingenium.

148 2661 220 2708 amori
238 2658 392 2708 nedioeriter
407 2657 515 2708 deditum
529 2659 652 2722 ndfirmnt5
701 2656 765 2721 quod
777 2672 791 2704 a
802 2655 897 2705 numine
908 2673 971 2706 nuuc
985 2658 1092 2717 calescit,
1103 2659 1161 2710 iecit
1177 2669 1202 2708 et

149 2735 179 2782 od
188 2735 291 2799 μγρίυς
302 2733 427 2800 ἐρωτικός.
460 2733 549 2783 Arrun.
702 2739 836 2795 promptum
854 2739 899 2788 est,
918 2731 999 2781 audite
1019 2747 1058 2782 me
1078 2741 1201 2798 tumqusm

181 2810 220 2857 52.
237 2807 335 2866 Gneo,
348 2810 407 2856 dum
425 2810 490 2864 utve,
502 2812 546 2858 isra
558 2811 654 2871 menda
702 2813 791 2860 vatem.
812 2803 854 2870 qui
873 2803 955 2854 divino
974 2805 1064 2856 monitu
1083 2815 1203 2874 precepta

150 2883 254 2946 tiliae]
275 2881 428 2938 Nonndfis,
440 2889 467 2928 ut
477 2883 574 2932 Merula
583 2899 654 2948 erpo-
704 2879 869 2928 amoriscano.
903 2879 995 2928 Herus.
1028 2879 1098 2939 Puto,
1114 2884 1201 2944 queri

150 2955 195 3004 nit:
212 2957 254 3006 sed
266 2955 397 3022 apuellisr
415 2956 483 3012 nteit
494 2957 655 3013 seusus,dan-
705 2963 784 3010 ansts
797 2951 851 3002 teil·
872 2961 999 3020 precepit·
1018 2969 1074 3004 nm
1092 2971 1156 3022 ssepe
1176 2973 1202 3006 te

149 3029 180 3078 da
191 3047 262 3096 opera
277 3031 322 3080 tibi
340 3038 388 3085 est,
399 3029 457 3078 dum
468 3030 537 3088 vivit,
549 3045 576 3080 ut
592 3031 653 3080 hanc
706 3027 765 3075 nihil
782 3026 826 3075 nisi
845 3025 976 3090 legitimum
993 3029 1121 3094 precipere
1136 3029 1204 3082 dicit.

148 3104 246 3167 gratim
257 3103 372 3171 apuellis
388 3103 464 3160 ineas,
474 3120 504 3153 ne
514 3121 556 3154 eas
566 3104 654 3154 lesisse
703 3119 757 3165 quus
768 3100 852 3150 latine
867 3100 916 3152 dici
932 3117 1000 3168 posse
1010 3103 1050 3152 vix
1060 3113 1129 3169 puto.
1144 3121 1201 3171 pos·

150 3176 258 3230 ridentis.
293 3179 396 3226 Mrem
703 3183 739 3224 set
749 3175 829 3231 ctiam,
840 3185 862 3224 et
871 3178 911 3236 pic
913 3180 983 3238 juro.
1015 3177 1104 3226 Burrus.

155 3279 158 3288 ·
180 3253 219 3300 5⁴.
237 3251 369 3314 Gmmque
377 3249 478 3313 pauca-J
498 3251 550 3300 Hoc
562 3266 591 3298 cx
602 3251 653 3300 lle-
736 3249 776 3297 61.
796 3249 862 3296 Veros
871 3251 939 3298 aum
949 3266 1011 3298 nunc
1023 3253 1091 3300 «litis
1106 3252 1200 3317 cm]

149 3323 206 3374 sicdi
213 3325 357 3382 inritatione,
364 3322 408 3388 qui
416 3338 470 3372 curn
479 3339 556 3389 panca
564 3339 593 3373 ex
603 3323 654 3372 He·
704 3323 865 3372 Droulhnsius
875 3323 906 3374 ud
916 3323 1033 3389 Propertii
1044 3324 1121 3374 lib.ii.
1133 3326 1203 3391 Εἰς.

151 3395 223 3446 leone
233 3397 294 3448 tona
303 3398 441 3454 sumsisset,
449 3412 479 3446 er
489 3397 585 3446 Pastore
594 3397 655 3446 Poii·
704 3397 746 3446 vii.
758 3400 799 3447 55.
811 3407 835 3446 ct
845 3397 880 3445 iii.
892 3415 933 3447 xx.
948 3400 986 3448 10.
996 3400 1090 3463 egregie
1098 3400 1203 3450 ostendit

151 3473 268 3522 treverii.
303 3473 399 3522 Burs.
704 3471 818 3522 edersltic
831 3472 934 3536 profiteri
949 3482 1046 3530 esse,ut
1062 3473 1126 3536 spud
1137 3473 1202 3524 cin-

179 3548 219 3595 57.
246 3547 313 3594 Dum
324 3547 394 3610 j'acit
412 3545 553 3609 ingenium]
582 3545 655 3592 Puta·
704 3545 996 3594 soreslaeeredebcbant.
1030 3547 1144 3596 Francius
1161 3564 1203 3597 ex·

150 3621 210 3677 baur.
232 3623 337 3686 ingenio.
374 3619 441 3666 Dum
459 3618 579 3683 Cytherea
599 3619 655 3668 lacit
705 3619 816 3684 plicabat,
828 3633 868 3668 ore
879 3627 903 3667 et
916 3620 1041 3685 rultupru
1052 3620 1119 3669 vobis
1130 3621 1203 3678 sertin

152 3694 250 3758 ingenio,
259 3695 305 3744 hoc
314 3701 364 3749 est,
375 3693 449 3741 lavet.
460 3693 485 3742 in
493 3692 609 3742 Tristibus
620 3693 655 3742 iii.
705 3703 730 3742 ct
740 3693 774 3742 ita
784 3694 887 3749 lllemls,
899 3693 1059 3742 Bemmunuus
1069 3703 1093 3744 et
1110 3693 1153 3744 dii
1161 3711 1202 3745 ce·

152 3768 196 3816 riv.
209 3769 226 3816 i.
706 3775 806 3831 perunt;
823 3781 867 3814 non
885 3766 982 3830 quidem
999 3767 1077 3816 male:
1095 3767 1138 3818 sed
1153 3783 1204 3817 tee-

181 3842 264 3890 Cultor
281 3850 305 3888 ct
323 3842 423 3888 antistet
440 3841 555 3888 doctorum
573 3856 656 3889 summe
705 3841 752 3891 tius
764 3841 940 3890 Droukhusius:
955 3857 1010 3888 nam
1020 3844 1085 3890 edere
1094 3851 1131 3891 est
1142 3844 1203 3906 pub·

244 3917 363 3968 virorum,
707 3916 752 3964 lice
768 3914 858 3979 aliquid
877 3914 965 3970 dicere.
982 3915 1115 3972 ostendere,
1135 3916 1204 3980 proli-

212 3989 261 4042 Qui
273 3988 346 4052 sucis
368 3989 461 4051 ingenio
484 4003 568 4050 nuper
586 3990 657 4037 emim
707 3986 1025 4046 teri‚lerre‚&c.italivius.
1036 3985 1099 4038 tte.
1115 3989 1204 4036 Busu.

244 4079 302 4109 Μ·
