3020 5106
263 439 265 448 ,
373 379 439 448 uto
666 378 706 446 Ρ.
730 375 894 444 OVIDII
929 377 1145 446 NASONIS

375 554 422 628 ld
440 575 594 652 quoque
611 551 643 627 si
662 551 812 637 scisses,
832 550 935 628 salvo
951 551 1116 630 fruerere
1132 553 1266 641 sodali,

424 669 670 768 Consilioque
688 666 806 743 sorem
823 693 969 768 sospes,
989 669 1123 758 amice,
1141 681 1219 746 tuo.

374 787 453 864 Sed
468 809 554 862 mea
565 809 626 859 me
641 784 680 858 in
692 807 844 883 poenarn
859 785 1035 860 nimirum
1050 784 1128 860 lata
1140 786 1360 874 trahebant;
1382 789 1424 860 15

424 904 548 978 Omne
566 904 675 977 bonoe
693 902 877 976 claudunt
892 902 1065 976 utilitatis
1082 901 1165 978 iter.

374 1019 462 1096 Sive
479 1019 621 1094 malum
638 1016 745 1116 potui
763 1027 890 1091 tamen
907 1017 979 1091 hoc
997 1016 1115 1093 vitare
1133 1017 1322 1105 cavendo;

424 1136 501 1212 Seu
520 1133 614 1209 ratio
631 1132 749 1209 satum
766 1134 916 1208 vincere
933 1133 1037 1208 nulla
1053 1134 1173 1209 valet:

372 1251 430 1327 Tu
447 1263 587 1336 tamen,
606 1275 629 1324 0
647 1249 757 1324 nobis
776 1273 849 1332 usu
862 1247 1104 1347 junctissime
1121 1249 1247 1346 longo,

422 1367 518 1442 Pars
536 1365 713 1440 desiderii
731 1365 898 1439 maxima
914 1387 1025 1464 paene
1043 1363 1131 1450 mei,
1373 1367 1422 1435 20

374 1485 435 1558 Sis
453 1506 616 1570 memor;
646 1491 697 1568 et,
718 1482 750 1556 si
769 1505 865 1579 quas
883 1478 973 1554 fecit
990 1480 1060 1554 tibi
1078 1479 1200 1578 gratia
1215 1480 1327 1566 vires,

423 1601 514 1676 Illas
532 1623 601 1698 pro
619 1598 728 1674 nobis
746 1597 941 1696 experiare
959 1620 1070 1693 rogo:

373 1715 549 1791 Numinis
568 1723 610 1789 ut
627 1712 706 1787 laesi
726 1712 792 1786 fiat
809 1711 1040 1786 mansuetior
1057 1711 1124 1797 ira,
1142 1703 1146 1712 ’

303 1823 307 1830 ’
423 1829 653 1928 Mutatoque
673 1829 794 1902 minor
812 1827 862 1901 sit
879 1850 965 1901 mea
982 1849 1094 1925 poeua
1109 1826 1214 1900 locol

374 1945 497 2043 quue
515 1944 579 2030 ita,
599 1943 631 2016 si
649 1945 794 2018 nullum
809 1944 934 2018 scelus
953 1944 1068 2018 estin
1086 1953 1240 2042 pectore
1258 1953 1405 2030 nostr0;

335 2155 338 2165 1
421 2059 732 2158 Principiumque
750 2059 824 2134 mei
841 2057 1008 2132 criminis
1026 2081 1128 2132 error
1146 2057 1276 2132 habet.
1369 2061 1417 2130 26

372 2177 409 2252 N
412 2201 456 2252 ec
469 2177 562 2264 leve,
579 2185 789 2276 nectutum
806 2185 877 2262 est,
891 2172 1057 2272 quo'sint
1069 2196 1166 2260 mea,
1177 2174 1318 2260 dicere,
1332 2198 1420 2250 casu

423 2293 584 2368 Lumina
599 2292 738 2366 funesti
757 2290 912 2366 conscia
928 2289 1030 2365 sacta
1046 2289 1147 2364 mali.

373 2409 563 2508 Mensque
582 2407 810 2495 reformidat,
829 2407 944 2482 veluti
963 2431 1034 2482 sua
1048 2407 1215 2493 vulnera,
1234 2416 1386 2506 tempus
1425 2397 1430 2410 '

422 2526 543 2616 Illud;
573 2535 613 2600 et
630 2523 824 2598 admonitu
842 2522 885 2599 fit
903 2546 1020 2598 novus
1038 2521 1121 2621 ipse
1138 2521 1256 2596 dolor.
1372 2525 1419 2594 30

404 2878 442 2927 17.
476 2875 561 2927 Tam
590 2877 651 2942 troc]
687 2877 803 2942 Suspecta
831 2885 869 2926 est
951 2875 1113 2942 towmeg.
1127 2871 1419 2941 praesentantur.

368 2952 468 3003 Heinsio
491 2951 599 3019 repetitio
624 2962 709 3007 tamen,
733 2959 758 3000 et
782 2950 867 3000 Burni.
920 2949 1108 3014 Principium
1139 2963 1187 2998 non
1216 2955 1336 2997 mutarem
1365 2963 1418 2998 cuni

368 3026 573 3092 corrigittantum
588 3028 670 3074 citare.
704 3023 821 3088 Equidem
833 3025 867 3073 nil
917 3023 1027 3080 Heinsio,
1054 3023 1096 3090 qui
1125 3021 1314 3086 precipue-qui
1345 3023 1418 3074 nuit.

367 3111 493 3150 mutarem.
527 3101 595 3148 Sena.
623 3097 867 3148 luocomiliol'orem
918 3099 982 3150 Nam
992 3095 1417 3166 Angnm,0bseeuscnrninsesse

368 3177 518 3241 scspu(ver.
532 3172 583 3234 lt.)
593 3181 635 3221 aut
644 3187 688 3236 ego
699 3178 779 3220 tamen
789 3173 867 3237 provi·
918 3173 994 3224 exsilii
1005 3167 1284 3240 caussamfflotissimum
1298 3171 1419 3234 editum

367 3247 449 3298 dantia
463 3243 488 3295 el
504 3244 598 3294 cautius
613 3243 706 3309 egendo
719 3243 779 3294 illud
791 3245 866 3298 vitare
918 3257 944 3298 at
954 3247 1064 3306 Ovidius,
1075 3247 1117 3314 qui
1130 3261 1240 3296 ceum
1254 3256 1355 3298 noverat
1369 3263 1416 3298 me·

367 3322 433 3386 potui
458 3319 591 3384 [eleganter
611 3333 654 3384 pro
673 3318 803 3382 ponam]
825 3329 867 3370 ttut
917 3320 1418 3388 liorem,errorem(quisquisilleluit)prin·

367 3394 435 3444 nulla
451 3391 578 3459 prudentia
594 3393 654 3442 eald
672 3391 746 3442 latum
763 3393 867 3444 vincere.
917 3396 1005 3463 cipiunt
1016 3396 1088 3446 luisse
1097 3395 1203 3445 criminis
1211 3395 1332 3446 adfirmet.
1359 3397 1418 3448 Ver·

368 3467 425 3517 Vim
436 3481 552 3531 usumque
562 3468 607 3516 τοῦ
619 3469 694 3517 ualere
701 3466 772 3517 docet
779 3468 867 3518 Cellar.
917 3487 958 3520 sus
967 3486 1036 3536 seqq.
1046 3479 1070 3520 et
1082 3469 1152 3519 Pont.
1166 3470 1184 3518 i.
1197 3469 1221 3518 6.
1231 3470 1274 3518 21.
1287 3471 1364 3535 magis
1375 3471 1418 3521 huc

368 3543 393 3592 in
412 3542 571 3592 Antibarbaro
589 3557 614 3608 p.
632 3543 687 3592 188.
713 3543 778 3592 lene
796 3543 867 3594 1746.
917 3545 1065 3594 confirmant.
1098 3543 1213 3594 Heroas.

370 3617 482 3664 Hirmas.
950 3619 990 3668 29.
1009 3617 1197 3682 repperiret]
1217 3617 1274 3676 Quo
1283 3618 1418 3682 Augustum

404 3690 442 3739 ld.
453 3689 497 3738 Seu
508 3689 674 3754 rnticsatum]
687 3690 723 3739 Ex
735 3691 867 3740 Stoicorum
917 3693 976 3749 lesi,
988 3693 1086 3760 ejusque
1096 3691 1154 3742 iram
1163 3692 1189 3742 io
1198 3707 1236 3741 me
1246 3691 1375 3742 concitari.

367 3761 494 3820 maudut,
507 3763 591 3812 Fctum
609 3780 660 3814 esse
677 3763 814 3814 inevitabile
830 3765 867 3814 di·
951 3769 992 3818 ³0.
1003 3766 1096 3831 Dolon]
1116 3767 1182 3816 Bene
1191 3765 1254 3815 dixit
1263 3769 1338 3824 dolor,
1346 3769 1418 3831 qu'um

369 3837 410 3888 cit
445 3837 609 3896 Deriautem,
619 3849 644 3889 et
652 3839 705 3888 rau
716 3839 865 3898 necessitate,
917 3841 1085 3892 antecederent
1118 3842 1231 3900 culmo,
1259 3849 1287 3889 et
1314 3839 1418 3906 quinque

370 3911 425 3961 vide
436 3911 500 3960 Gell·
510 3911 553 3960 lib.
563 3913 594 3960 vi.
916 3916 986 3964 codd.
997 3918 1080 3978 pedor.
1113 3913 1241 3971 “Quodsi
1256 3913 1418 3970 admittamus,

400 3987 440 4036 ll.
460 3985 500 4042 Et,
509 3990 528 4036 si
541 4004 596 4051 quas
605 3987 668 4051 serit
686 3989 727 4036 tibi
739 3991 819 4052 gratia
831 3991 865 4036 oi·
916 3988 994 4054 inquit
1004 3988 1125 4046 Heinsius,
1136 4003 1239 4054 sequeus
1247 3987 1367 4037 disticbm
1377 3989 1420 4038 erit

367 4062 423 4128 m]
442 4059 468 4112 Si
485 4061 543 4127 quid
557 4063 624 4112 veles
640 4063 717 4128 petia
733 4061 797 4126 apud
813 4061 866 4112 Cte-
917 4061 1053 4122 delendum,
1069 4061 1132 4130 quod
1146 4077 1194 4111 uon
1208 4077 1257 4112 uno
1274 4061 1370 4112 nomine
1384 4069 1419 4112 est

367 4153 451 4188 sarem.
483 4137 661 4188 Mare-Vires.
693 4134 866 4184 Auctoritatem
916 4137 1077 4202 suspectum.”
1111 4135 1158 4185 Sed
1176 4149 1256 4202 neque
1271 4135 1417 4192 Bormanon,

367 4209 751 4278 compotestatejuvtndiauricos.
769 4209 866 4260 Bessis.
918 4209 1108 4276 nequemilriits
1118 4209 1218 4261 ridetur.
1252 4209 1367 4260 Hiatus.
