3064 5104
316 331 361 396 oo
486 401 489 412 ,
611 327 649 392 e..
674 323 836 392 ovrun
860 323 1075 390 nasonis

223 571 228 586 .
322 503 427 578 Saxa
441 501 618 600 serasque
635 501 720 600 lyra
738 499 855 574 movit
870 498 1119 595 Rhodopeius
1138 497 1332 596 Orpheus,

371 618 648 716 Tartareosque
665 619 784 704 lacus,
804 616 1132 713 tergeminumque
1149 637 1298 690 canem.

243 788 250 799 ι
323 735 428 810 Saxa
444 744 509 809 tuo
526 745 654 820 cantu,
669 734 810 809 vindex
823 731 1036 830 justissime
1054 731 1200 818 matris,

373 851 560 926 Fecerunt
577 874 702 924 muros
719 848 886 922 officiosa
902 871 1032 920 novos.

322 965 504 1051 Quamvis
521 977 650 1042 mutus
665 975 757 1052 erat,
775 965 859 1040 voci
877 963 1014 1038 favisse
1032 973 1189 1062 putatur
1300 966 1376 1036 325

373 1081 511 1170 Piscis,
529 1081 695 1156 Arioniae
713 1081 840 1156 fabula
856 1092 947 1155 noto
963 1081 1069 1178 lyrae.
1167 1107 1170 1114 ’

324 1198 442 1274 Disce
456 1198 574 1272 etiam
592 1197 735 1296 duplici
753 1195 917 1293 genialia
934 1179 1061 1270 naulia
1078 1195 1205 1292 palmei

374 1313 551 1389 Vertere:
564 1375 567 1384 .
580 1312 810 1388 conveniunt
827 1297 1001 1385 dulcibus
1020 1310 1085 1384 illa
1096 1309 1207 1407 jocis.
1280 1329 1282 1332 ·

326 1430 386 1504 Sit
403 1431 471 1504 tihi
489 1429 729 1516 Callimachi,
749 1431 799 1502 sit
817 1429 890 1502 Coi
908 1437 998 1502 nota
1016 1427 1150 1526 poetae,

376 1545 436 1620 Sit
453 1570 606 1644 quoque
622 1544 743 1618 vinosi
760 1542 854 1617 Teia
872 1542 987 1616 Musa
1004 1542 1119 1616 senis.
1302 1547 1378 1615 330

326 1661 428 1736 Nota
445 1663 496 1736 sit
511 1672 551 1736 et
570 1662 748 1760 Sappho:
778 1661 871 1759 quid
890 1661 992 1734 enim
1010 1659 1186 1733 lascivius
1205 1659 1295 1732 illei?

375 1779 496 1852 Cuive
514 1789 621 1876 pater
638 1776 729 1850 vafri
748 1775 889 1849 luditur
907 1785 987 1850 arte
1007 1775 1130 1850 Getae.

326 1892 379 1968 Et
394 1894 514 1970 teneri
532 1892 655 1991 possis
672 1915 824 1966 cannen
840 1892 981 1986 legisse
1000 1891 1193 1990 Properti:

358 2052 361 2058 ·
378 2009 466 2084 Sive
484 2008 628 2106 aliquid
648 2008 761 2094 Galli,
782 2007 872 2094 sive,
892 2005 1054 2094 Tibulle,
1074 2017 1194 2079 tuurn.

328 2124 520 2222 Dictaque
537 2123 697 2198 Varroni
711 2123 822 2198 fulvis
840 2122 1004 2220 insignia
1018 2123 1116 2196 villis
1303 2127 1379 2196 335

377 2240 540 2328 Vellera,
559 2263 760 2336 germanae,
780 2239 949 2338 Phryxe,
969 2232 1163 2337 querenda·
1180 2250 1268 2312 tuae.

328 2355 380 2441 Et
397 2356 594 2456 profugum
614 2356 771 2444 AEnean‚
792 2357 878 2431 altae
897 2356 1101 2456 primordia
1119 2355 1270 2444 Romae3

377 2471 463 2558 Quo
481 2472 625 2545 nullum
644 2471 752 2546 Latio
769 2472 908 2546 clarius
926 2482 1034 2546 extat
1050 2495 1158 2569 opus.

329 2587 500 2664 Forsitan
518 2599 559 2662 et
575 2599 748 2663 nostrum
766 2614 902 2664 nomen
921 2588 1141 2662 miscebitur
1155 2587 1259 2674 istis;

326 2779 333 2794 ,
379 2703 461 2780 Nec
480 2728 565 2779 mea
583 2703 748 2780 Lethaeis
766 2705 910 2804 scripta
925 2689 1117 2779 dabuntur
1133 2701 1257 2799 aquis.
1303 2707 1380 2776 340

358 3056 415 3104 323.
433 3055 492 3103 Sora
503 3065 543 3102 tuo
558 3066 638 3112 contu,
650 3056 731 3102 vinda
740 3057 825 3117 justio-
876 3057 982 3122 Scaliger
991 3057 1016 3106 iu
1026 3039 1121 3106 ora'rui
1138 3053 1228 3104 codicis
1244 3055 1378 3121 conjecerat

324 3132 378 3178 dms
395 3129 554 3191 metelahc]
574 3129 613 3177 De
624 3127 758 3193 Amphione
775 3130 826 3193 agi-
876 3131 1011 3196 legendum.
1030 3129 1055 3180 in
1064 3129 1147 3180 eodem
1156 3131 1246 3178 nodilo.
1265 3129 1308 3178 sed
1318 3147 1378 3177 noa·

326 3211 372 3260 rur,
380 3203 500 3252 Thebanae
511 3203 571 3251 arcis
582 3203 711 3260 conditore,
723 3203 764 3267 qui
774 3203 826 3252 An·
877 3205 917 3262 lio,
934 3203 1034 3262 mono,
1051 3205 1149 3269 probum
1160 3211 1204 3251 eat.
1221 3219 1275 3268 quie
1289 3201 1377 3265 νάβλα

326 3277 414 3343 tiopem
425 3285 525 3326 matrem
538 3276 634 3342 egregie
651 3276 716 3326 ultus
726 3285 770 3332 est,
781 3277 824 3326 ad-
877 3277 941 3343 apud
972 3279 1079 3328 Suidam.
1109 3277 1162 3327 vide
1194 3285 1219 3326 et
1246 3276 1378 3327 Pollucem.

325 3352 399 3418 ligata
410 3351 493 3408 Dirce,
506 3367 560 3416 quae
577 3351 643 3400 illam
654 3351 696 3399 diu
710 3350 824 3400 multum-
878 3351 968 3400 Herus.

312 3434 373 3490 'que
387 3433 522 3482 vexaverat,
539 3433 659 3474 tauromrn
677 3424 826 3488 sylvestrium
909 3427 967 3475 3³0.
994 3425 1052 3473 Teio
1068 3423 1152 3486 mm}
1172 3423 1236 3472 'l'eos
1254 3424 1377 3490 Oppidum

326 3497 419 3547 caudis.
454 3497 517 3546 Rem
534 3497 598 3547 varie
621 3507 718 3548 narrant
737 3499 827 3563 Hygin.
877 3500 961 3557 Ioniae,
974 3501 1004 3550 ab
1015 3499 1160 3548 Athamante
1171 3497 1303 3547 conditum.
1326 3499 1377 3548 Mr-

326 3571 403 3621 Pahh.
416 3573 441 3629 7,
450 3573 473 3620 8.
486 3575 545 3633 lan
564 3581 588 3621 et
601 3573 705 3622 Pausau.
717 3573 825 3623 Corinth.
877 3589 934 3622 ort.

326 3645 360 3694 vi.
370 3657 394 3696 et
405 3646 497 3696 Boetic.
509 3647 567 3697 xvii.
601 3647 689 3695 Arrun.
909 3650 966 3698 ³³2.
985 3649 1057 3696 Crriue
1073 3647 1164 3710 potem]
1186 3647 1325 3695 Terentium
1342 3647 1379 3696 iu-

359 3722 416 3770 327.
439 3721 548 3770 Gcnlatin
562 3723 642 3770 mulio
659 3723 758 3784 palma]
787 3723 825 3772 De
877 3721 1199 3787 telliguntinterpretes,sed
1216 3737 1261 3785 ego
1274 3721 1378 3770 Menan·

326 3794 423 3850 nabliis‚
435 3801 460 3854 et
471 3794 543 3858 quale
555 3795 736 3846 instnunentum
744 3795 771 3845 id
787 3796 826 3854 sit,
876 3797 944 3845 drum
952 3796 1037 3844 melius
1044 3795 1135 3846 Graecir
1143 3795 1223 3843 Politia
1230 3795 1300 3859 jungi
1312 3803 1379 3859 puto.

329 3869 474 3918 Politianum
492 3869 545 3918 vide
563 3869 669 3918 llliscell.
685 3873 721 3918 lt.
739 3872 778 3935 qui
795 3872 826 3922 de
877 3879 903 3919 ut
914 3879 937 3918 et
955 3869 996 3918 lib.
1007 3870 1031 3918 ii.
1042 3870 1113 3918 Trist.
1130 3871 1186 3918 ³69.
1219 3869 1312 3918 Grecis
1330 3870 1399 3918 lere-

326 3944 434 3993 hocloco
445 3941 536 4014 prolixe
547 3945 665 3992 tractavit.
699 3946 794 3993 Mrem.
877 3945 960 3994 iisdem
970 3945 1078 3994 additur:
1091 3940 1378 4009 ulrietiarnllornoepue-

359 4020 417 4068 328.
445 4017 555 4080 Vertere]
587 4018 681 4066 Verrere
707 4019 827 4082 eleganter
876 4019 908 4068 ris
929 4018 1106 4084 virginibusque
1127 4018 1174 4082 logi
1202 4020 1277 4068 solere
1301 4017 1380 4084 prodit

327 4095 418 4158 Regius
435 4100 459 4142 et
469 4091 652 4144 Aroudelianus.
669 4093 786 4157 quomodo
803 4105 827 4142 et
878 4095 964 4142 Noster
978 4095 1063 4143 Polite.
1097 4095 1189 4143 Burin.
