2974 5100
289 399 526 471 TRISTIUM
549 401 640 470 LIB.
664 403 708 468 V.
732 401 869 470 ELEG.
893 403 935 468 V.
1074 403 1138 470 sal

73 577 148 652 Per
165 589 299 679 caput
316 579 399 679 ipse
417 602 526 652 suurn
544 579 678 654 solitus
692 581 831 677 jurare,
850 589 1047 675 tuumque,
1088 581 1137 656 45

122 693 244 779 Quod
265 697 351 770 scio
368 721 443 768 non
461 695 514 769 illi
532 695 641 770 vilius
658 719 743 769 esse
761 719 852 770 suo:

72 809 194 886 Plena
211 823 279 887 tot
298 836 344 886 ac
361 812 475 886 tantis
493 809 674 886 reseratur
690 811 811 908 gratia
827 811 958 901 lactis;

123 927 161 1002 N
163 953 210 1004 ec
230 929 341 1002 sinet
358 928 421 1002 ille
439 937 524 1002 tuos
541 927 631 1002 litus
649 951 754 1003 arare
770 928 908 1002 boves:

75 1044 148 1120 Fac
167 1045 293 1120 modo
311 1055 528 1122 constanter
545 1043 745 1143 profugum
764 1054 915 1119 tueare:
946 1045 1048 1143 quod
1062 1045 1137 1136 ille,

123 1160 200 1246 Qui
220 1163 329 1236 bene
348 1171 386 1236 te
404 1161 518 1248 novit,
538 1184 613 1234 non
630 1171 750 1256 rogat,
770 1159 854 1258 ipsa
871 1184 974 1257 rogo.
1091 1169 1141 1237 50

453 1651 698 1727 ELEGIA
732 1653 779 1727 V.

81 1868 264 1942 Annuus
287 1867 493 1942 adsuetum
513 1866 674 1940 dominae
693 1867 829 1942 natalis
845 1868 1025 1946 honorem

129 1983 294 2082 Exigit:
325 1982 377 2056 ite
395 2006 528 2056 manus
546 1981 595 2055 ad
613 1982 677 2080 pia
694 2006 802 2059 sacra
819 2009 927 2060 meae.

81 2099 143 2174 Sic
162 2098 370 2198 quondam
386 2097 525 2172 festum
544 2095 716 2172 Laertius
734 2100 854 2197 egerit
871 2101 982 2176 heros

128 2216 280 2291 Forsan
301 2215 342 2288 in
360 2224 531 2290 extremo
548 2215 725 2312 conjugis
743 2217 834 2290 orbe
852 2216 966 2292 diem.
1005 2259 1008 2268 ·

80 2333 232 2432 Lingua
247 2331 384 2408 favens
403 2331 514 2417 adsit,
534 2331 730 2427 longorum
749 2331 867 2407 oblita
885 2333 1081 2423 malorum,
1117 2341 1140 2410 5

128 2449 243 2538 Quae,
263 2458 373 2548 puto,
392 2447 573 2521 dedidicit
586 2450 667 2546 jam
684 2449 785 2523 bona
801 2450 916 2524 verba
933 2451 1060 2549 loqui:

81 2567 259 2665 Quaeque
279 2562 401 2637 semel
418 2573 497 2636 loto
509 2563 624 2636 vestis
643 2563 735 2638 mihi
751 2565 912 2639 sumitur
928 2590 1039 2654 anno,

131 2682 323 2756 Sumatur
340 2678 427 2752 latis
445 2678 607 2752 discolor
624 2681 713 2755 alba
730 2682 846 2758 meis:

82 2798 240 2896 Araque
260 2794 455 2893 gramineo
472 2792 601 2868 viridis
619 2795 668 2870 de
685 2797 831 2896 cespite
849 2798 939 2888 fiat3

133 2913 189 2988 Et
207 2913 312 2988 velet
323 2910 477 3009 ‚tepidos
496 2935 596 2984 nexa
613 2937 753 2987 corona
769 2912 886 2988 locos.
1100 2919 1146 2990 lo

85 3027 145 3103 Da
162 3027 261 3102 mihi
281 3036 380 3112 tura,
399 3049 505 3125 puer,
525 3026 685 3124 pingues
704 3028 880 3103 facientia
897 3028 1081 3117 flammas,

132 3144 334 3242 Quodque
353 3141 415 3240 pio
433 3141 558 3218 lusum
576 3145 710 3219 stridat
728 3145 767 3220 in
785 3145 873 3242 igne
891 3170 1050 3222 merum.

87 3261 249 3361 Optime
268 3258 417 3345 natalis,
439 3259 609 3355 quamvis
627 3262 760 3359 procul
778 3262 972 3351 absumus,
989 3274 1079 3363 opto

137 3375 343 3451 Candidus
361 3374 434 3446 huc
452 3374 594 3464 venias
614 3376 885 3475 dissimilisque
903 3402 1011 3457 meo:

119 3669 161 3716 ⁴8.
181 3667 230 3716 Nec
246 3670 308 3717 sinet
326 3668 367 3716 ille
384 3669 454 3732 tam]
474 3669 526 3718 Nec
543 3684 596 3734 per·
679 3669 704 3716 9.
722 3669 814 3730 Araque
823 3670 940 3732 poeninen
951 3670 1151 3730 uiridirdecupl-

88 3740 167 3790 mittet
178 3749 201 3791 te
212 3741 302 3792 trustra
310 3741 376 3806 apud
386 3740 454 3791 illum
467 3743 597 3792 collocasse
647 3755 669 3790 re
679 3742 751 3808 fica]
776 3741 854 3791 Genio
873 3742 978 3791 natalem
995 3743 1152 3800 celebrantes,

89 3814 242 3866 beneficium.
276 3817 325 3865 Ille
336 3813 401 3865 enirn
413 3818 469 3865 litua
482 3826 544 3874 crat,
555 3817 597 3883 qui
648 3831 713 3866 aram
724 3817 857 3883 erigebant,
867 3817 1026 3882 quamlloreir
1036 3815 1104 3866 sertia
1114 3831 1153 3864 cr-

89 3903 186 3952 operam
197 3891 287 3956 perdit,
298 3900 326 3940 et
336 3891 423 3940 frustra
433 3890 533 3940 laborat.
647 3892 746 3941 nebant.
780 3890 1052 3941 Feminevarclunoni
1062 3887 1151 3937 sacrifl-

647 3965 745 4014 cabant.

122 4039 148 4086 ³.
165 4038 276 4088 lacerae
293 4050 375 4104 egerat
396 4039 481 4102 lem]
510 4039 596 4088 taurim
681 4039 722 4087 ll.
734 4033 773 4088 Da'
783 4039 839 4088 mihi
850 4037 999 4101 laempdon]
1017 4031 1151 4090 tumlti-

90 4113 171 4174 egerit.
204 4113 306 4178 Ulyseer
317 4112 492 4162 hortinfilins.
554 4123 556 4128 ’
648 4112 779 4176 qneetiam
788 4111 975 4168 odoreaeodarn
990 4109 1031 4158 die
1047 4108 1150 4158 uteban-

122 4187 148 4232 4.
164 4185 330 4252 Diensertm
340 4187 465 4253 conjugia]
484 4185 598 4237 Natalem
648 4193 695 4234 tur.
1098 4207 1100 4212 v

125 4259 171 4308 orie
202 4277 234 4310 en
684 4260 722 4310 14.
740 4259 878 4323 Candidas]
896 4255 972 4308 Felix.
998 4257 1071 4305 Man.
