<?xml version="1.0" encoding="UTF-8"?>
<!DOCTYPE html PUBLIC "-//W3C//DTD XHTML 1.0 Transitional//EN"
    "http://www.w3.org/TR/xhtml1/DTD/xhtml1-transitional.dtd">
<html xmlns="http://www.w3.org/1999/xhtml" xml:lang="en" lang="en">
 <head>
  <title>
</title>
<meta http-equiv="Content-Type" content="text/html;charset=utf-8" />
  <meta name='ocr-system' content='tesseract 3.04.00' />
  <meta name='ocr-capabilities' content='ocr_page ocr_carea ocr_par ocr_line ocrx_word'/>
</head>
<body>
  <div class='ocr_page' id='page_1' title='image "./povidiinasoniso09burmgoog_0441.png"; bbox 0 0 2982 5118; ppageno 0'>
   <div class='ocr_carea' id='block_1_1' title="bbox 239 383 1126 456">
    <p class='ocr_par' dir='ltr' id='par_1_1' title="bbox 239 383 1126 456">
     <span class='ocr_line' id='line_1_1' title="bbox 239 383 1126 456; baseline 0 0"><span class='ocrx_word' id='word_1_1' title='bbox 239 389 311 456; x_wconf 77' lang='lat' dir='ltr'><strong>Ex</strong></span> <span class='ocrx_word' id='word_1_2' title='bbox 335 386 496 456; x_wconf 81' lang='lat' dir='ltr'>PONTO</span> <span class='ocrx_word' id='word_1_3' title='bbox 520 385 613 456; x_wconf 86' lang='lat' dir='ltr'>LIB.</span> <span class='ocrx_word' id='word_1_4' title='bbox 637 385 701 452; x_wconf 81' lang='lat' dir='ltr'><strong>lv.</strong></span> <span class='ocrx_word' id='word_1_5' title='bbox 725 383 872 452; x_wconf 78' lang='lat' dir='ltr'><strong>EPIST.</strong></span> <span class='ocrx_word' id='word_1_6' title='bbox 897 387 960 452; x_wconf 91' lang='lat' dir='ltr'><strong>IV.</strong></span> <span class='ocrx_word' id='word_1_7' title='bbox 1060 389 1126 456; x_wconf 78' lang='grc'><strong>489</strong></span> 
     </span>
    </p>
   </div>
   <div class='ocr_carea' id='block_1_2' title="bbox 76 558 1141 3481">
    <p class='ocr_par' dir='ltr' id='par_1_2' title="bbox 76 558 1141 3481">
     <span class='ocr_line' id='line_1_2' title="bbox 76 558 1075 646; baseline -0.006 -4"><span class='ocrx_word' id='word_1_8' title='bbox 76 566 158 644; x_wconf 88' lang='lat' dir='ltr'><strong>Nec</strong></span> <span class='ocrx_word' id='word_1_9' title='bbox 176 563 317 640; x_wconf 82' lang='lat' dir='ltr'><strong>sterilis</strong></span> <span class='ocrx_word' id='word_1_10' title='bbox 334 562 440 638; x_wconf 89' lang='lat' dir='ltr'><strong>locus</strong></span> <span class='ocrx_word' id='word_1_11' title='bbox 458 560 563 636; x_wconf 83' lang='lat' dir='ltr'><strong>ullus&#39;</strong></span> <span class='ocrx_word' id='word_1_12' title='bbox 575 558 629 634; x_wconf 84' lang='lat' dir='ltr'><strong>ita</strong></span> <span class='ocrx_word' id='word_1_13' title='bbox 645 568 719 646; x_wconf 90' lang='lat' dir='ltr'><strong>est,</strong></span> <span class='ocrx_word' id='word_1_14' title='bbox 734 569 777 632; x_wconf 89' lang='lat' dir='ltr'><strong>ut</strong></span> <span class='ocrx_word' id='word_1_15' title='bbox 793 583 869 634; x_wconf 89' lang='lat' dir='ltr'><strong>non</strong></span> <span class='ocrx_word' id='word_1_16' title='bbox 886 559 937 635; x_wconf 87' lang='lat' dir='ltr'><strong>sit</strong></span> <span class='ocrx_word' id='word_1_17' title='bbox 954 561 992 636; x_wconf 89' lang='lat' dir='ltr'><strong>in</strong></span> <span class='ocrx_word' id='word_1_18' title='bbox 1009 562 1075 636; x_wconf 89' lang='lat' dir='ltr'><strong>illo</strong></span> 
     </span>
     <span class='ocr_line' id='line_1_3' title="bbox 126 675 852 756; baseline -0.008 0"><span class='ocrx_word' id='word_1_19' title='bbox 126 681 247 756; x_wconf 86' lang='lat' dir='ltr'><strong>Mista</strong></span> <span class='ocrx_word' id='word_1_20' title='bbox 263 679 341 754; x_wconf 86' lang='lat' dir='ltr'><strong>fere</strong></span> <span class='ocrx_word' id='word_1_21' title='bbox 358 677 462 753; x_wconf 88' lang='lat' dir='ltr'><strong>duris</strong></span> <span class='ocrx_word' id='word_1_22' title='bbox 480 675 583 752; x_wconf 87' lang='lat' dir='ltr'><strong>utilis</strong></span> <span class='ocrx_word' id='word_1_23' title='bbox 599 675 719 750; x_wconf 88' lang='lat' dir='ltr'><strong>herba</strong></span> <span class='ocrx_word' id='word_1_24' title='bbox 735 677 852 750; x_wconf 89' lang='lat' dir='ltr'><strong>rubis.</strong></span> 
     </span>
     <span class='ocr_line' id='line_1_4' title="bbox 79 791 1127 892; baseline -0.002 -20"><span class='ocrx_word' id='word_1_25' title='bbox 79 797 143 872; x_wconf 86' lang='lat' dir='ltr'><strong>Nil</strong></span> <span class='ocrx_word' id='word_1_26' title='bbox 160 799 258 873; x_wconf 90' lang='lat' dir='ltr'><strong>adeo</strong></span> <span class='ocrx_word' id='word_1_27' title='bbox 274 796 427 872; x_wconf 84' lang='lat' dir='ltr'><strong>fortuna</strong></span> <span class='ocrx_word' id='word_1_28' title='bbox 443 793 565 892; x_wconf 85' lang='lat' dir='ltr'><strong>gravis</strong></span> <span class='ocrx_word' id='word_1_29' title='bbox 584 791 798 867; x_wconf 83' lang='lat' dir='ltr'><strong>miserabile</strong></span> <span class='ocrx_word' id='word_1_30' title='bbox 814 791 916 881; x_wconf 81' lang='lat' dir='ltr'><strong>fecit,</strong></span> <span class='ocrx_word' id='word_1_31' title='bbox 968 827 972 836; x_wconf 94' lang='lat'>·</span> <span class='ocrx_word' id='word_1_32' title='bbox 1103 801 1127 870; x_wconf 84' lang='lat'><strong><em>5</em></strong></span> 
     </span>
     <span class='ocr_line' id='line_1_5' title="bbox 131 909 946 1009; baseline -0.004 -20"><span class='ocrx_word' id='word_1_33' title='bbox 131 914 185 989; x_wconf 92' lang='lat' dir='ltr'><strong>Ut</strong></span> <span class='ocrx_word' id='word_1_34' title='bbox 201 915 375 989; x_wconf 89' lang='lat' dir='ltr'><strong>minuant</strong></span> <span class='ocrx_word' id='word_1_35' title='bbox 392 913 496 986; x_wconf 89' lang='lat' dir='ltr'><strong>nulla</strong></span> <span class='ocrx_word' id='word_1_36' title='bbox 513 909 651 1008; x_wconf 82' lang='lat' dir='ltr'><strong>gaudia</strong></span> <span class='ocrx_word' id='word_1_37' title='bbox 667 919 775 1009; x_wconf 80' lang='lat' dir='ltr'><strong>poste</strong></span> <span class='ocrx_word' id='word_1_38' title='bbox 791 911 946 986; x_wconf 86' lang='lat' dir='ltr'><strong>malum.</strong></span> 
     </span>
     <span class='ocr_line' id='line_1_6' title="bbox 80 1027 1111 1128; baseline -0.002 -22"><span class='ocrx_word' id='word_1_39' title='bbox 80 1030 181 1106; x_wconf 88' lang='lat' dir='ltr'><strong>Ecce</strong></span> <span class='ocrx_word' id='word_1_40' title='bbox 194 1031 323 1116; x_wconf 87' lang='lat' dir='ltr'><strong>domo,</strong></span> <span class='ocrx_word' id='word_1_41' title='bbox 338 1029 538 1128; x_wconf 83' lang='lat' dir='ltr'><strong>patriaque</strong></span> <span class='ocrx_word' id='word_1_42' title='bbox 555 1051 700 1114; x_wconf 86' lang='lat' dir='ltr'><strong>carens,</strong></span> <span class='ocrx_word' id='word_1_43' title='bbox 712 1027 910 1126; x_wconf 85' lang='lat' dir='ltr'><strong>oculisque</strong></span> <span class='ocrx_word' id='word_1_44' title='bbox 928 1051 1111 1117; x_wconf 86' lang='lat' dir='ltr'><strong>meorum,</strong></span> 
     </span>
     <span class='ocr_line' id='line_1_7' title="bbox 130 1143 971 1243; baseline -0.002 -23"><span class='ocrx_word' id='word_1_45' title='bbox 130 1145 346 1243; x_wconf 84' lang='lat' dir='ltr'>Naufragus</span> <span class='ocrx_word' id='word_1_46' title='bbox 365 1146 404 1219; x_wconf 86' lang='lat' dir='ltr'><strong>iu</strong></span> <span class='ocrx_word' id='word_1_47' title='bbox 422 1143 549 1218; x_wconf 77' lang='lat' dir='ltr'>Getici</span> <span class='ocrx_word' id='word_1_48' title='bbox 566 1143 685 1217; x_wconf 86' lang='lat' dir='ltr'><strong>litoris</strong></span> <span class='ocrx_word' id='word_1_49' title='bbox 703 1153 810 1218; x_wconf 89' lang='lat' dir='ltr'><strong>actus</strong></span> <span class='ocrx_word' id='word_1_50' title='bbox 829 1166 971 1241; x_wconf 81' lang='lat' dir='ltr'><strong>aquas3</strong></span> 
     </span>
     <span class='ocr_line' id='line_1_8' title="bbox 82 1259 1073 1351; baseline -0.002 -13"><span class='ocrx_word' id='word_1_51' title='bbox 82 1263 178 1351; x_wconf 87' lang='lat' dir='ltr'><strong>Qua,</strong></span> <span class='ocrx_word' id='word_1_52' title='bbox 196 1273 327 1336; x_wconf 87' lang='lat' dir='ltr'><strong>tamen</strong></span> <span class='ocrx_word' id='word_1_53' title='bbox 345 1261 482 1349; x_wconf 86' lang='lat' dir='ltr'><strong>inveni,</strong></span> <span class='ocrx_word' id='word_1_54' title='bbox 500 1261 646 1334; x_wconf 75' lang='lat' dir='ltr'><strong>vultiun</strong></span> <span class='ocrx_word' id='word_1_55' title='bbox 663 1259 886 1346; x_wconf 83' lang='lat' dir='ltr'><strong>diffundere,</strong></span> <span class='ocrx_word' id='word_1_56' title='bbox 906 1283 1073 1350; x_wconf 85' lang='lat' dir='ltr'><strong>causam,</strong></span> 
     </span>
     <span class='ocr_line' id='line_1_9' title="bbox 131 1377 1130 1466; baseline 0.002 -14"><span class='ocrx_word' id='word_1_57' title='bbox 131 1377 304 1466; x_wconf 87' lang='lat' dir='ltr'><strong>Possem,</strong></span> <span class='ocrx_word' id='word_1_58' title='bbox 323 1377 480 1458; x_wconf 68' lang='lat' dir='ltr'><strong>soduuoe</strong></span> <span class='ocrx_word' id='word_1_59' title='bbox 498 1403 569 1452; x_wconf 87' lang='lat' dir='ltr'><strong>uec</strong></span> <span class='ocrx_word' id='word_1_60' title='bbox 587 1377 802 1452; x_wconf 86' lang='lat' dir='ltr'>meminisse</span> <span class='ocrx_word' id='word_1_61' title='bbox 819 1399 927 1454; x_wconf 78' lang='lat' dir='ltr'><strong>mete.</strong></span> <span class='ocrx_word' id='word_1_62' title='bbox 1085 1385 1130 1454; x_wconf 91' lang='lat'><strong>10</strong></span> 
     </span>
     <span class='ocr_line' id='line_1_10' title="bbox 84 1493 1042 1594; baseline -0.002 -22"><span class='ocrx_word' id='word_1_63' title='bbox 84 1495 183 1572; x_wconf 82' lang='lat' dir='ltr'><strong>Num</strong></span> <span class='ocrx_word' id='word_1_64' title='bbox 199 1494 307 1582; x_wconf 90' lang='lat' dir='ltr'><strong>mihi,</strong></span> <span class='ocrx_word' id='word_1_65' title='bbox 328 1517 445 1592; x_wconf 89' lang='lat' dir='ltr'><strong>quum</strong></span> <span class='ocrx_word' id='word_1_66' title='bbox 464 1493 566 1570; x_wconf 80' lang='lat' dir='ltr'><strong>fulva</strong></span> <span class='ocrx_word' id='word_1_67' title='bbox 582 1494 699 1570; x_wconf 87' lang='lat' dir='ltr'><strong>tristis</strong></span> <span class='ocrx_word' id='word_1_68' title='bbox 718 1494 901 1594; x_wconf 88' lang='lat' dir='ltr'><strong>spatiarer</strong></span> <span class='ocrx_word' id='word_1_69' title='bbox 918 1517 1042 1585; x_wconf 88' lang='lat' dir='ltr'><strong>arena,</strong></span> 
     </span>
     <span class='ocr_line' id='line_1_11' title="bbox 131 1611 941 1710; baseline 0.002 -27"><span class='ocrx_word' id='word_1_70' title='bbox 131 1611 226 1686; x_wconf 88' lang='lat' dir='ltr'><strong>Visa</strong></span> <span class='ocrx_word' id='word_1_71' title='bbox 242 1619 303 1686; x_wconf 87' lang='lat' dir='ltr'><strong>est</strong></span> <span class='ocrx_word' id='word_1_72' title='bbox 320 1633 343 1684; x_wconf 89' lang='lat' dir='ltr'><strong>a</strong></span> <span class='ocrx_word' id='word_1_73' title='bbox 358 1620 465 1707; x_wconf 83' lang='lat' dir='ltr'><strong>tergo</strong></span> <span class='ocrx_word' id='word_1_74' title='bbox 482 1635 610 1710; x_wconf 83' lang='lat' dir='ltr'><strong>penna</strong></span> <span class='ocrx_word' id='word_1_75' title='bbox 627 1611 778 1686; x_wconf 81' lang='lat' dir='ltr'>dedisse</span> <span class='ocrx_word' id='word_1_76' title='bbox 796 1635 941 1686; x_wconf 87' lang='lat' dir='ltr'><strong>sonum.</strong></span> 
     </span>
     <span class='ocr_line' id='line_1_12' title="bbox 86 1727 1128 1827; baseline 0.006 -25"><span class='ocrx_word' id='word_1_77' title='bbox 86 1727 286 1827; x_wconf 87' lang='lat' dir='ltr'><strong>Respicio:</strong></span> <span class='ocrx_word' id='word_1_78' title='bbox 315 1750 386 1801; x_wconf 89' lang='lat' dir='ltr'><strong>nec</strong></span> <span class='ocrx_word' id='word_1_79' title='bbox 410 1749 546 1826; x_wconf 87' lang='lat' dir='ltr'><strong>corpus</strong></span> <span class='ocrx_word' id='word_1_80' title='bbox 565 1737 646 1802; x_wconf 86' lang='lat' dir='ltr'><strong>erat</strong></span> <span class='ocrx_word' id='word_1_81' title='bbox 663 1727 765 1824; x_wconf 90' lang='lat' dir='ltr'><strong>quod</strong></span> <span class='ocrx_word' id='word_1_82' title='bbox 783 1749 937 1802; x_wconf 87' lang='lat' dir='ltr'><strong>cernere</strong></span> <span class='ocrx_word' id='word_1_83' title='bbox 955 1751 1128 1827; x_wconf 89' lang='lat' dir='ltr'><strong>possem:</strong></span> 
     </span>
     <span class='ocr_line' id='line_1_13' title="bbox 134 1842 1013 1942; baseline 0.003 -26"><span class='ocrx_word' id='word_1_84' title='bbox 134 1842 262 1918; x_wconf 87' lang='lat' dir='ltr'><strong>Verba</strong></span> <span class='ocrx_word' id='word_1_85' title='bbox 276 1852 407 1916; x_wconf 80' lang='lat' dir='ltr'><strong>tamen</strong></span> <span class='ocrx_word' id='word_1_86' title='bbox 424 1852 513 1916; x_wconf 90' lang='lat' dir='ltr'><strong>suut</strong></span> <span class='ocrx_word' id='word_1_87' title='bbox 529 1843 611 1916; x_wconf 84' lang='lat' dir='ltr'><strong>haec</strong></span> <span class='ocrx_word' id='word_1_88' title='bbox 628 1865 719 1916; x_wconf 88' lang='lat' dir='ltr'><strong>aure</strong></span> <span class='ocrx_word' id='word_1_89' title='bbox 736 1853 890 1942; x_wconf 85' lang='lat' dir='ltr'><strong>recepta</strong></span> <span class='ocrx_word' id='word_1_90' title='bbox 906 1867 1013 1920; x_wconf 87' lang='lat' dir='ltr'><strong>mea:</strong></span> 
     </span>
     <span class='ocr_line' id='line_1_14' title="bbox 88 1957 1132 2056; baseline 0.004 -23"><span class='ocrx_word' id='word_1_91' title='bbox 88 1958 144 2033; x_wconf 88' lang='lat' dir='ltr'><strong>En</strong></span> <span class='ocrx_word' id='word_1_92' title='bbox 161 1983 234 2056; x_wconf 88' lang='lat' dir='ltr'><strong>ego</strong></span> <span class='ocrx_word' id='word_1_93' title='bbox 252 1959 423 2032; x_wconf 84' lang='lat' dir='ltr'><strong>laetarum</strong></span> <span class='ocrx_word' id='word_1_94' title='bbox 440 1958 549 2032; x_wconf 79' lang='lat' dir='ltr'><strong>venio</strong></span> <span class='ocrx_word' id='word_1_95' title='bbox 566 1957 637 2033; x_wconf 88' lang='lat' dir='ltr'><strong>tibi</strong></span> <span class='ocrx_word' id='word_1_96' title='bbox 654 1959 940 2050; x_wconf 72' lang='lat' dir='ltr'><strong>nuntiaremus,</strong></span> <span class='ocrx_word' id='word_1_97' title='bbox 1087 1967 1132 2038; x_wconf 85' lang='lat'><strong>15</strong></span> 
     </span>
     <span class='ocr_line' id='line_1_15' title="bbox 136 2073 898 2174; baseline 0.004 -26"><span class='ocrx_word' id='word_1_98' title='bbox 136 2075 254 2152; x_wconf 82' lang='lat' dir='ltr'><strong>Fama</strong></span> <span class='ocrx_word' id='word_1_99' title='bbox 269 2097 339 2173; x_wconf 86' lang='lat' dir='ltr'><strong>per</strong></span> <span class='ocrx_word' id='word_1_100' title='bbox 355 2073 560 2150; x_wconf 86' lang='lat' dir='ltr'><strong>immensas</strong></span> <span class='ocrx_word' id='word_1_101' title='bbox 578 2097 665 2150; x_wconf 86' lang='lat' dir='ltr'><strong>aere</strong></span> <span class='ocrx_word' id='word_1_102' title='bbox 681 2075 789 2174; x_wconf 84' lang='lat' dir='ltr'><strong>lapsa</strong></span> <span class='ocrx_word' id='word_1_103' title='bbox 804 2076 898 2151; x_wconf 86' lang='lat' dir='ltr'><strong>vias.</strong></span> 
     </span>
     <span class='ocr_line' id='line_1_16' title="bbox 90 2189 1007 2290; baseline 0 -24"><span class='ocrx_word' id='word_1_104' title='bbox 90 2190 255 2268; x_wconf 85' lang='lat' dir='ltr'><strong>Consule</strong></span> <span class='ocrx_word' id='word_1_105' title='bbox 274 2189 471 2290; x_wconf 88' lang='lat' dir='ltr'><strong>Pompeio,</strong></span> <span class='ocrx_word' id='word_1_106' title='bbox 491 2215 567 2289; x_wconf 91' lang='lat' dir='ltr'><strong>quo</strong></span> <span class='ocrx_word' id='word_1_107' title='bbox 584 2216 660 2266; x_wconf 90' lang='lat' dir='ltr'><strong>non</strong></span> <span class='ocrx_word' id='word_1_108' title='bbox 678 2192 747 2266; x_wconf 89' lang='lat' dir='ltr'><strong>tibi</strong></span> <span class='ocrx_word' id='word_1_109' title='bbox 765 2192 885 2266; x_wconf 87' lang='lat' dir='ltr'><strong>carior</strong></span> <span class='ocrx_word' id='word_1_110' title='bbox 902 2193 1007 2281; x_wconf 87' lang='lat' dir='ltr'><strong>alter,</strong></span> 
     </span>
     <span class='ocr_line' id='line_1_17' title="bbox 137 2287 951 2407; baseline 0.001 -25"><span class='ocrx_word' id='word_1_111' title='bbox 137 2287 335 2383; x_wconf 77' lang='lat' dir='ltr'><strong>(laudidus</strong></span> <span class='ocrx_word' id='word_1_112' title='bbox 352 2317 392 2382; x_wconf 90' lang='lat' dir='ltr'><strong>et</strong></span> <span class='ocrx_word' id='word_1_113' title='bbox 408 2305 500 2381; x_wconf 85' lang='lat' dir='ltr'><strong>felix</strong></span> <span class='ocrx_word' id='word_1_114' title='bbox 517 2307 712 2407; x_wconf 87' lang='lat' dir='ltr'><strong>proximus</strong></span> <span class='ocrx_word' id='word_1_115' title='bbox 731 2331 851 2382; x_wconf 88' lang='lat' dir='ltr'><strong>annus</strong></span> <span class='ocrx_word' id='word_1_116' title='bbox 869 2311 951 2385; x_wconf 89' lang='lat' dir='ltr'><strong>erit.</strong></span> 
     </span>
     <span class='ocr_line' id='line_1_18' title="bbox 91 2421 1000 2525; baseline -0.002 -23"><span class='ocrx_word' id='word_1_117' title='bbox 91 2421 216 2502; x_wconf 83' lang='lat' dir='ltr'><strong>Dixit:</strong></span> <span class='ocrx_word' id='word_1_118' title='bbox 245 2435 299 2512; x_wconf 88' lang='lat' dir='ltr'><strong>et,</strong></span> <span class='ocrx_word' id='word_1_119' title='bbox 319 2434 361 2499; x_wconf 90' lang='lat' dir='ltr'><strong>ut</strong></span> <span class='ocrx_word' id='word_1_120' title='bbox 375 2423 464 2500; x_wconf 73' lang='lat' dir='ltr'><strong>leto</strong></span> <span class='ocrx_word' id='word_1_121' title='bbox 481 2424 647 2500; x_wconf 80' lang='lat' dir='ltr'><strong>Pontum</strong></span> <span class='ocrx_word' id='word_1_122' title='bbox 665 2449 813 2500; x_wconf 90' lang='lat' dir='ltr'><strong>rumore</strong></span> <span class='ocrx_word' id='word_1_123' title='bbox 830 2425 1000 2525; x_wconf 88' lang='lat' dir='ltr'><strong>replevit,</strong></span> 
     </span>
     <span class='ocr_line' id='line_1_19' title="bbox 136 2541 1135 2640; baseline 0.002 -26"><span class='ocrx_word' id='word_1_124' title='bbox 136 2541 197 2616; x_wconf 89' lang='lat' dir='ltr'><strong>Ad</strong></span> <span class='ocrx_word' id='word_1_125' title='bbox 215 2549 352 2640; x_wconf 85' lang='lat' dir='ltr'><strong>gentes</strong></span> <span class='ocrx_word' id='word_1_126' title='bbox 371 2541 461 2616; x_wconf 88' lang='lat' dir='ltr'><strong>alias</strong></span> <span class='ocrx_word' id='word_1_127' title='bbox 479 2541 566 2617; x_wconf 89' lang='lat' dir='ltr'><strong>hinc</strong></span> <span class='ocrx_word' id='word_1_128' title='bbox 587 2541 670 2618; x_wconf 88' lang='lat' dir='ltr'><strong>Dea</strong></span> <span class='ocrx_word' id='word_1_129' title='bbox 686 2542 798 2617; x_wconf 87' lang='lat' dir='ltr'><strong>vertit</strong></span> <span class='ocrx_word' id='word_1_130' title='bbox 814 2542 897 2616; x_wconf 89' lang='lat' dir='ltr'><strong>iter.</strong></span> <span class='ocrx_word' id='word_1_131' title='bbox 1085 2549 1135 2616; x_wconf 90' lang='lat'><strong>20</strong></span> 
     </span>
     <span class='ocr_line' id='line_1_20' title="bbox 90 2655 953 2756; baseline 0.002 -26"><span class='ocrx_word' id='word_1_132' title='bbox 90 2655 140 2732; x_wconf 83' lang='lat' dir='ltr'><strong>At</strong></span> <span class='ocrx_word' id='word_1_133' title='bbox 154 2657 260 2745; x_wconf 87' lang='lat' dir='ltr'><strong>mihi,</strong></span> <span class='ocrx_word' id='word_1_134' title='bbox 279 2656 437 2756; x_wconf 86' lang='lat' dir='ltr'><strong>dilapsis</strong></span> <span class='ocrx_word' id='word_1_135' title='bbox 455 2657 553 2734; x_wconf 89' lang='lat' dir='ltr'><strong>inter</strong></span> <span class='ocrx_word' id='word_1_136' title='bbox 569 2683 667 2736; x_wconf 91' lang='lat' dir='ltr'><strong>nova</strong></span> <span class='ocrx_word' id='word_1_137' title='bbox 684 2658 823 2756; x_wconf 83' lang='lat' dir='ltr'><strong>gaudia</strong></span> <span class='ocrx_word' id='word_1_138' title='bbox 839 2658 953 2746; x_wconf 86' lang='lat' dir='ltr'><strong>curis,</strong></span> 
     </span>
     <span class='ocr_line' id='line_1_21' title="bbox 139 2767 876 2873; baseline 0 -25"><span class='ocrx_word' id='word_1_139' title='bbox 139 2771 295 2848; x_wconf 85' lang='lat' dir='ltr'><strong>Excidit</strong></span> <span class='ocrx_word' id='word_1_140' title='bbox 312 2767 496 2872; x_wconf 82' lang='lat' dir='ltr'><strong>asperitas</strong></span> <span class='ocrx_word' id='word_1_141' title='bbox 514 2773 626 2873; x_wconf 88' lang='lat' dir='ltr'><strong>hujus</strong></span> <span class='ocrx_word' id='word_1_142' title='bbox 644 2773 775 2873; x_wconf 85' lang='lat' dir='ltr'><strong>iniqua</strong></span> <span class='ocrx_word' id='word_1_143' title='bbox 791 2774 876 2848; x_wconf 91' lang='lat' dir='ltr'><strong>loci.</strong></span> 
     </span>
     <span class='ocr_line' id='line_1_22' title="bbox 93 2887 1133 2989; baseline 0.002 -25"><span class='ocrx_word' id='word_1_144' title='bbox 93 2888 190 2988; x_wconf 86' lang='lat' dir='ltr'><strong>Ergo</strong></span> <span class='ocrx_word' id='word_1_145' title='bbox 205 2889 285 2976; x_wconf 89' lang='lat' dir='ltr'><strong>ubi,</strong></span> <span class='ocrx_word' id='word_1_146' title='bbox 300 2887 324 2962; x_wconf 88' lang='lat' dir='ltr'>J</span> <span class='ocrx_word' id='word_1_147' title='bbox 328 2913 400 2964; x_wconf 90' lang='lat' dir='ltr'><strong>aue</strong></span> <span class='ocrx_word' id='word_1_148' title='bbox 416 2889 561 2989; x_wconf 87' lang='lat' dir='ltr'><strong>biceps,</strong></span> <span class='ocrx_word' id='word_1_149' title='bbox 575 2892 728 2989; x_wconf 85' lang='lat' dir='ltr'><strong>longum</strong></span> <span class='ocrx_word' id='word_1_150' title='bbox 742 2892 966 2967; x_wconf 83' lang='lat' dir='ltr'><strong>reseraveris</strong></span> <span class='ocrx_word' id='word_1_151' title='bbox 982 2915 1133 2982; x_wconf 88' lang='lat' dir='ltr'><strong>anuum,</strong></span> 
     </span>
     <span class='ocr_line' id='line_1_23' title="bbox 138 3006 977 3096; baseline -0.002 -14"><span class='ocrx_word' id='word_1_152' title='bbox 138 3006 279 3084; x_wconf 89' lang='lat' dir='ltr'><strong>Pulsus</strong></span> <span class='ocrx_word' id='word_1_153' title='bbox 297 3015 337 3082; x_wconf 87' lang='lat' dir='ltr'><strong>et</strong></span> <span class='ocrx_word' id='word_1_154' title='bbox 354 3030 378 3081; x_wconf 86' lang='lat' dir='ltr'><strong>a</strong></span> <span class='ocrx_word' id='word_1_155' title='bbox 394 3031 501 3082; x_wconf 86' lang='lat' dir='ltr'><strong>sacro</strong></span> <span class='ocrx_word' id='word_1_156' title='bbox 519 3032 650 3085; x_wconf 88' lang='lat' dir='ltr'><strong>mense</strong></span> <span class='ocrx_word' id='word_1_157' title='bbox 667 3009 868 3084; x_wconf 88' lang='lat' dir='ltr'><strong>december</strong></span> <span class='ocrx_word' id='word_1_158' title='bbox 885 3007 977 3096; x_wconf 89' lang='lat' dir='ltr'><strong>erit;</strong></span> 
     </span>
     <span class='ocr_line' id='line_1_24' title="bbox 121 3191 1136 3258; baseline -0.001 -14"><span class='ocrx_word' id='word_1_159' title='bbox 121 3193 231 3244; x_wconf 75' lang='lat' dir='ltr'><strong>tvttto</strong></span> <span class='ocrx_word' id='word_1_160' title='bbox 245 3194 335 3257; x_wconf 71' lang='lat' dir='ltr'><strong>tarta]</strong></span> <span class='ocrx_word' id='word_1_161' title='bbox 352 3193 435 3244; x_wconf 73' lang='lat' dir='ltr'><strong>Herba</strong></span> <span class='ocrx_word' id='word_1_162' title='bbox 453 3193 531 3244; x_wconf 74' lang='lat' dir='ltr'><strong>ierem</strong></span> <span class='ocrx_word' id='word_1_163' title='bbox 545 3193 591 3244; x_wconf 74' lang='lat' dir='ltr'><strong>ali-</strong></span> <span class='ocrx_word' id='word_1_164' title='bbox 672 3195 713 3242; x_wconf 77' lang='lat'><strong>23.</strong></span> <span class='ocrx_word' id='word_1_165' title='bbox 727 3193 831 3257; x_wconf 49' lang='lat' dir='ltr'><strong>haym</strong></span> <span class='ocrx_word' id='word_1_166' title='bbox 845 3192 954 3255; x_wconf 56' lang='lat' dir='ltr'><strong>camd</strong></span> <span class='ocrx_word' id='word_1_167' title='bbox 973 3191 1080 3258; x_wconf 68' lang='lat' dir='ltr'><strong>longum</strong></span> <span class='ocrx_word' id='word_1_168' title='bbox 1094 3193 1136 3243; x_wconf 74' lang='lat' dir='ltr'><strong>ad·</strong></span> 
     </span>
     <span class='ocr_line' id='line_1_25' title="bbox 94 3265 1138 3334; baseline 0 -16"><span class='ocrx_word' id='word_1_169' title='bbox 94 3281 160 3331; x_wconf 77' lang='lat' dir='ltr'><strong>qum</strong></span> <span class='ocrx_word' id='word_1_170' title='bbox 172 3267 313 3318; x_wconf 79' lang='lat' dir='ltr'><strong>utilitatem.</strong></span> <span class='ocrx_word' id='word_1_171' title='bbox 345 3268 500 3316; x_wconf 64' lang='lat' dir='ltr'><strong>Detinetis.</strong></span> <span class='ocrx_word' id='word_1_172' title='bbox 517 3267 592 3317; x_wconf 81' lang='lat' dir='ltr'><strong>Duris</strong></span> <span class='ocrx_word' id='word_1_173' title='bbox 640 3268 723 3334; x_wconf 82' lang='lat' dir='ltr'><strong>pellat,</strong></span> <span class='ocrx_word' id='word_1_174' title='bbox 734 3282 763 3316; x_wconf 82' lang='lat' dir='ltr'><strong>ex</strong></span> <span class='ocrx_word' id='word_1_175' title='bbox 779 3265 867 3316; x_wconf 77' lang='lat' dir='ltr'><strong>affeetu</strong></span> <span class='ocrx_word' id='word_1_176' title='bbox 881 3275 968 3332; x_wconf 66' lang='lat' dir='ltr'><strong>poeta,</strong></span> <span class='ocrx_word' id='word_1_177' title='bbox 980 3266 1020 3315; x_wconf 86' lang='lat' dir='ltr'><strong>cui</strong></span> <span class='ocrx_word' id='word_1_178' title='bbox 1034 3283 1083 3333; x_wconf 76' lang='lat' dir='ltr'><strong>pra</strong></span> <span class='ocrx_word' id='word_1_179' title='bbox 1101 3268 1138 3318; x_wconf 88' lang='lat' dir='ltr'><strong>ui·</strong></span> 
     </span>
     <span class='ocr_line' id='line_1_26' title="bbox 94 3340 1141 3407; baseline 0.003 -17"><span class='ocrx_word' id='word_1_180' title='bbox 94 3340 178 3406; x_wconf 63' lang='lat' dir='ltr'><strong>quun</strong></span> <span class='ocrx_word' id='word_1_181' title='bbox 194 3349 224 3391; x_wconf 86' lang='lat' dir='ltr'><strong>ut</strong></span> <span class='ocrx_word' id='word_1_182' title='bbox 233 3349 290 3392; x_wconf 81' lang='lat' dir='ltr'><strong>suut</strong></span> <span class='ocrx_word' id='word_1_183' title='bbox 300 3340 445 3398; x_wconf 65' lang='lat' dir='ltr'><strong>curduidte</strong></span> <span class='ocrx_word' id='word_1_184' title='bbox 471 3341 591 3407; x_wconf 69' lang='lat' dir='ltr'><strong>Dogana·</strong></span> <span class='ocrx_word' id='word_1_185' title='bbox 640 3342 688 3392; x_wconf 83' lang='lat' dir='ltr'><strong>mio</strong></span> <span class='ocrx_word' id='word_1_186' title='bbox 702 3341 819 3394; x_wconf 80' lang='lat' dir='ltr'><strong>desiderio</strong></span> <span class='ocrx_word' id='word_1_187' title='bbox 835 3340 918 3390; x_wconf 78' lang='lat' dir='ltr'><strong>tardus</strong></span> <span class='ocrx_word' id='word_1_188' title='bbox 933 3349 959 3390; x_wconf 85' lang='lat' dir='ltr'><strong>et</strong></span> <span class='ocrx_word' id='word_1_189' title='bbox 971 3340 1141 3407; x_wconf 69' lang='lat' dir='ltr'><strong>lotvgiurvide·</strong></span> 
     </span>
     <span class='ocr_line' id='line_1_27' title="bbox 94 3413 1141 3481; baseline 0.002 -15"><span class='ocrx_word' id='word_1_190' title='bbox 94 3413 153 3466; x_wconf 75' lang='lat' dir='ltr'><strong>tibur</strong></span> <span class='ocrx_word' id='word_1_191' title='bbox 168 3415 313 3466; x_wconf 65' lang='lat' dir='ltr'><strong>arduorum</strong></span> <span class='ocrx_word' id='word_1_192' title='bbox 323 3414 590 3481; x_wconf 75' lang='lat' dir='ltr'><strong>Pliniumlegitoxviii.</strong></span> <span class='ocrx_word' id='word_1_193' title='bbox 639 3424 679 3465; x_wconf 85' lang='lat' dir='ltr'><strong>tur</strong></span> <span class='ocrx_word' id='word_1_194' title='bbox 694 3415 807 3481; x_wconf 79' lang='lat' dir='ltr'><strong>incipere.</strong></span> <span class='ocrx_word' id='word_1_195' title='bbox 841 3415 915 3472; x_wconf 80' lang='lat' dir='ltr'><strong>Anni,</strong></span> <span class='ocrx_word' id='word_1_196' title='bbox 932 3416 1052 3466; x_wconf 83' lang='lat' dir='ltr'><strong>communi</strong></span> <span class='ocrx_word' id='word_1_197' title='bbox 1072 3417 1141 3468; x_wconf 83' lang='lat' dir='ltr'><strong>Lati·</strong></span> 
     </span>
    </p>
   </div>
   <div class='ocr_carea' id='block_1_3' title="bbox 96 3487 1141 4296">
    <p class='ocr_par' dir='ltr' id='par_1_3' title="bbox 96 3487 1141 3546">
     <span class='ocr_line' id='line_1_28' title="bbox 96 3487 1141 3546; baseline 0.004 -9"><span class='ocrx_word' id='word_1_198' title='bbox 96 3487 131 3537; x_wconf 73' lang='lat'><strong>44.</strong></span> <span class='ocrx_word' id='word_1_199' title='bbox 140 3497 165 3540; x_wconf 87' lang='lat' dir='ltr'><strong>et</strong></span> <span class='ocrx_word' id='word_1_200' title='bbox 176 3490 211 3539; x_wconf 81' lang='lat' dir='ltr'><strong>ul.</strong></span> <span class='ocrx_word' id='word_1_201' title='bbox 220 3498 247 3538; x_wconf 85' lang='lat' dir='ltr'><strong>et</strong></span> <span class='ocrx_word' id='word_1_202' title='bbox 257 3489 434 3539; x_wconf 78' lang='lat' dir='ltr'><strong>Pdladiumiv.</strong></span> <span class='ocrx_word' id='word_1_203' title='bbox 442 3491 467 3540; x_wconf 81' lang='lat'><strong>9.</strong></span> <span class='ocrx_word' id='word_1_204' title='bbox 641 3489 1141 3546; x_wconf 69' lang='lat' dir='ltr'><strong>moeaunuatmlmtummodonu·</strong></span> 
     </span>
    </p>

    <p class='ocr_par' dir='ltr' id='par_1_4' title="bbox 97 3563 1141 3854">
     <span class='ocr_line' id='line_1_29' title="bbox 124 3563 1140 3632; baseline 0.005 -21"><span class='ocrx_word' id='word_1_205' title='bbox 124 3564 146 3613; x_wconf 87' lang='grc'><strong>7.</strong></span> <span class='ocrx_word' id='word_1_206' title='bbox 162 3563 287 3628; x_wconf 70' lang='lat' dir='ltr'><strong>Ocrillaque</strong></span> <span class='ocrx_word' id='word_1_207' title='bbox 302 3563 422 3626; x_wconf 66' lang='lat' dir='ltr'><strong>mma]</strong></span> <span class='ocrx_word' id='word_1_208' title='bbox 441 3564 472 3613; x_wconf 84' lang='lat' dir='ltr'><strong>Et</strong></span> <span class='ocrx_word' id='word_1_209' title='bbox 487 3579 589 3629; x_wconf 77' lang='lat' dir='ltr'><strong>pmseu·</strong></span> <span class='ocrx_word' id='word_1_210' title='bbox 640 3580 704 3614; x_wconf 79' lang='lat' dir='ltr'><strong>mero</strong></span> <span class='ocrx_word' id='word_1_211' title='bbox 725 3564 882 3632; x_wconf 71' lang='lat' dir='ltr'><strong>reperiuntur.</strong></span> <span class='ocrx_word' id='word_1_212' title='bbox 916 3566 1020 3615; x_wconf 65' lang='lat' dir='ltr'><strong>Lem</strong></span> <span class='ocrx_word' id='word_1_213' title='bbox 1041 3566 1140 3632; x_wconf 86' lang='lat' dir='ltr'><strong>quidem</strong></span> 
     </span>
     <span class='ocr_line' id='line_1_30' title="bbox 97 3634 1138 3706; baseline 0.005 -21"><span class='ocrx_word' id='word_1_214' title='bbox 97 3634 126 3684; x_wconf 73' lang='lat' dir='ltr'><strong>tit</strong></span> <span class='ocrx_word' id='word_1_215' title='bbox 137 3636 278 3686; x_wconf 69' lang='lat' dir='ltr'><strong>amicorum</strong></span> <span class='ocrx_word' id='word_1_216' title='bbox 304 3637 343 3686; x_wconf 84' lang='lat' dir='ltr'><strong>Sic</strong></span> <span class='ocrx_word' id='word_1_217' title='bbox 357 3636 410 3686; x_wconf 82' lang='lat' dir='ltr'><strong>Cic.</strong></span> <span class='ocrx_word' id='word_1_218' title='bbox 422 3637 453 3687; x_wconf 81' lang='lat' dir='ltr'><strong>ad</strong></span> <span class='ocrx_word' id='word_1_219' title='bbox 468 3637 590 3688; x_wconf 73' lang='lat' dir='ltr'><strong>Familias</strong></span> <span class='ocrx_word' id='word_1_220' title='bbox 640 3641 738 3704; x_wconf 81' lang='lat' dir='ltr'><strong>primus,</strong></span> <span class='ocrx_word' id='word_1_221' title='bbox 749 3641 855 3690; x_wconf 83' lang='lat' dir='ltr'><strong>omnium</strong></span> <span class='ocrx_word' id='word_1_222' title='bbox 870 3640 1032 3700; x_wconf 74' lang='lat' dir='ltr'><strong>brevisn‘mua,</strong></span> <span class='ocrx_word' id='word_1_223' title='bbox 1042 3641 1083 3706; x_wconf 92' lang='lat' dir='ltr'><strong>qui</strong></span> <span class='ocrx_word' id='word_1_224' title='bbox 1098 3641 1138 3690; x_wconf 84' lang='lat' dir='ltr'><strong>tri·</strong></span> 
     </span>
     <span class='ocr_line' id='line_1_31' title="bbox 99 3707 1141 3780; baseline 0.008 -22"><span class='ocrx_word' id='word_1_225' title='bbox 99 3707 174 3758; x_wconf 69' lang='lat' dir='ltr'><strong>ont«</strong></span> <span class='ocrx_word' id='word_1_226' title='bbox 188 3711 269 3760; x_wconf 79' lang='lat' dir='ltr'><strong>saltem</strong></span> <span class='ocrx_word' id='word_1_227' title='bbox 289 3711 427 3776; x_wconf 67' lang='lat' dir='ltr'><strong>effugimus</strong></span> <span class='ocrx_word' id='word_1_228' title='bbox 447 3713 551 3770; x_wconf 76' lang='lat' dir='ltr'><strong>illorum,</strong></span> <span class='ocrx_word' id='word_1_229' title='bbox 571 3715 591 3760; x_wconf 79' lang='lat' dir='ltr'><strong>si</strong></span> <span class='ocrx_word' id='word_1_230' title='bbox 640 3713 708 3777; x_wconf 78' lang='lat' dir='ltr'><strong>ginta</strong></span> <span class='ocrx_word' id='word_1_231' title='bbox 725 3715 817 3764; x_wconf 84' lang='lat' dir='ltr'><strong>dierum</strong></span> <span class='ocrx_word' id='word_1_232' title='bbox 833 3715 911 3780; x_wconf 77' lang='lat' dir='ltr'><strong>spatio</strong></span> <span class='ocrx_word' id='word_1_233' title='bbox 927 3730 1022 3764; x_wconf 84' lang='lat' dir='ltr'><strong>cursum</strong></span> <span class='ocrx_word' id='word_1_234' title='bbox 1035 3715 1141 3780; x_wconf 77' lang='lat' dir='ltr'><strong>perfecte</strong></span> 
     </span>
     <span class='ocr_line' id='line_1_32' title="bbox 98 3787 1139 3854; baseline 0.004 -21"><span class='ocrx_word' id='word_1_235' title='bbox 98 3799 349 3848; x_wconf 71' lang='lat' dir='ltr'><strong><em>mmmmm.</em></strong></span> <span class='ocrx_word' id='word_1_236' title='bbox 640 3787 740 3854; x_wconf 74' lang='lat' dir='ltr'><strong>pengia</strong></span> <span class='ocrx_word' id='word_1_237' title='bbox 777 3790 871 3846; x_wconf 68' lang='lat' dir='ltr'><strong>Solaria</strong></span> <span class='ocrx_word' id='word_1_238' title='bbox 892 3788 923 3837; x_wconf 85' lang='lat' dir='ltr'><strong>de</strong></span> <span class='ocrx_word' id='word_1_239' title='bbox 944 3803 992 3852; x_wconf 84' lang='lat' dir='ltr'><strong>quo</strong></span> <span class='ocrx_word' id='word_1_240' title='bbox 1011 3787 1139 3853; x_wconf 74' lang='lat' dir='ltr'><strong>sepissime</strong></span> 
     </span>
    </p>

    <p class='ocr_par' dir='ltr' id='par_1_5' title="bbox 98 3858 1140 4148">
     <span class='ocr_line' id='line_1_33' title="bbox 125 3858 1137 3928; baseline 0.004 -21"><span class='ocrx_word' id='word_1_241' title='bbox 125 3859 148 3907; x_wconf 85' lang='grc'><strong>9.</strong></span> <span class='ocrx_word' id='word_1_242' title='bbox 171 3859 269 3908; x_wconf 69' lang='lat' dir='ltr'><strong>Vatum</strong></span> <span class='ocrx_word' id='word_1_243' title='bbox 288 3858 441 3924; x_wconf 60' lang='lat' dir='ltr'><strong>diffundere]</strong></span> <span class='ocrx_word' id='word_1_244' title='bbox 469 3859 591 3909; x_wconf 80' lang='lat' dir='ltr'><strong>Gaudium</strong></span> <span class='ocrx_word' id='word_1_245' title='bbox 640 3871 717 3926; x_wconf 73' lang='lat' dir='ltr'><strong>poeta</strong></span> <span class='ocrx_word' id='word_1_246' title='bbox 727 3862 865 3928; x_wconf 82' lang='lat' dir='ltr'><strong>loquuntur,</strong></span> <span class='ocrx_word' id='word_1_247' title='bbox 878 3863 919 3927; x_wconf 84' lang='lat' dir='ltr'><strong>qui</strong></span> <span class='ocrx_word' id='word_1_248' title='bbox 927 3877 968 3928; x_wconf 79' lang='lat' dir='ltr'><strong>per</strong></span> <span class='ocrx_word' id='word_1_249' title='bbox 978 3859 1137 3911; x_wconf 78' lang='lat' dir='ltr'><strong>memesduo·</strong></span> 
     </span>
     <span class='ocr_line' id='line_1_34' title="bbox 98 3929 1140 4001; baseline 0.003 -19"><span class='ocrx_word' id='word_1_250' title='bbox 98 3929 205 3982; x_wconf 81' lang='lat' dir='ltr'><strong>diffundit</strong></span> <span class='ocrx_word' id='word_1_251' title='bbox 220 3932 327 3999; x_wconf 80' lang='lat' dir='ltr'><strong>spiritus.</strong></span> <span class='ocrx_word' id='word_1_252' title='bbox 339 3940 365 3982; x_wconf 86' lang='lat' dir='ltr'><strong>et</strong></span> <span class='ocrx_word' id='word_1_253' title='bbox 378 3932 434 3982; x_wconf 84' lang='lat' dir='ltr'><strong>biae</strong></span> <span class='ocrx_word' id='word_1_254' title='bbox 450 3931 523 3983; x_wconf 79' lang='lat' dir='ltr'><strong>etim</strong></span> <span class='ocrx_word' id='word_1_255' title='bbox 538 3934 590 3983; x_wconf 81' lang='lat' dir='ltr'><strong>vul·</strong></span> <span class='ocrx_word' id='word_1_256' title='bbox 641 3933 728 3984; x_wconf 81' lang='lat' dir='ltr'><strong>decim.</strong></span> <span class='ocrx_word' id='word_1_257' title='bbox 770 3938 803 3986; x_wconf 84' lang='lat' dir='ltr'><strong>Et</strong></span> <span class='ocrx_word' id='word_1_258' title='bbox 821 3953 925 4001; x_wconf 53' lang='lat' dir='ltr'><strong>maus,</strong></span> <span class='ocrx_word' id='word_1_259' title='bbox 945 3937 987 4000; x_wconf 82' lang='lat' dir='ltr'><strong>qui</strong></span> <span class='ocrx_word' id='word_1_260' title='bbox 1014 3933 1140 3985; x_wconf 79' lang='lat' dir='ltr'><strong>duodecim</strong></span> 
     </span>
     <span class='ocr_line' id='line_1_35' title="bbox 100 4004 1139 4074; baseline 0.001 -18"><span class='ocrx_word' id='word_1_261' title='bbox 100 4010 152 4056; x_wconf 66' lang='lat' dir='ltr'><strong>bu.</strong></span> <span class='ocrx_word' id='word_1_262' title='bbox 173 4005 284 4056; x_wconf 76' lang='lat' dir='ltr'><strong>Tristitia</strong></span> <span class='ocrx_word' id='word_1_263' title='bbox 296 4015 378 4056; x_wconf 76' lang='lat' dir='ltr'><strong>conus</strong></span> <span class='ocrx_word' id='word_1_264' title='bbox 392 4004 489 4072; x_wconf 80' lang='lat' dir='ltr'><strong>spiritus</strong></span> <span class='ocrx_word' id='word_1_265' title='bbox 500 4015 591 4058; x_wconf 74' lang='lat' dir='ltr'><strong>conua-</strong></span> <span class='ocrx_word' id='word_1_266' title='bbox 643 4007 719 4059; x_wconf 82' lang='lat' dir='ltr'><strong>millia</strong></span> <span class='ocrx_word' id='word_1_267' title='bbox 736 4024 856 4066; x_wconf 79' lang='lat' dir='ltr'><strong>ranorum,</strong></span> <span class='ocrx_word' id='word_1_268' title='bbox 870 4007 1013 4074; x_wconf 77' lang='lat' dir='ltr'><strong>quingentos</strong></span> <span class='ocrx_word' id='word_1_269' title='bbox 1028 4015 1053 4057; x_wconf 87' lang='lat' dir='ltr'><strong>et</strong></span> <span class='ocrx_word' id='word_1_270' title='bbox 1068 4008 1139 4072; x_wconf 84' lang='lat' dir='ltr'><strong>quiu-</strong></span> 
     </span>
     <span class='ocr_line' id='line_1_36' title="bbox 99 4076 883 4148; baseline 0.001 -19"><span class='ocrx_word' id='word_1_271' title='bbox 99 4076 282 4130; x_wconf 78' lang='lat' dir='ltr'><strong>liteauuvultu.</strong></span> <span class='ocrx_word' id='word_1_272' title='bbox 308 4079 385 4130; x_wconf 68' lang='lat' dir='ltr'><strong>rom.</strong></span> <span class='ocrx_word' id='word_1_273' title='bbox 643 4082 760 4148; x_wconf 76' lang='lat' dir='ltr'><strong>quaginta</strong></span> <span class='ocrx_word' id='word_1_274' title='bbox 770 4083 883 4132; x_wconf 70' lang='lat' dir='ltr'><strong>emtiuu.</strong></span> 
     </span>
    </p>

    <p class='ocr_par' dir='ltr' id='par_1_6' title="bbox 101 4153 1140 4296">
     <span class='ocr_line' id='line_1_37' title="bbox 130 4153 1140 4219; baseline 0.003 -18"><span class='ocrx_word' id='word_1_275' title='bbox 130 4153 166 4204; x_wconf 92' lang='lat' dir='ltr'><strong>ll.</strong></span> <span class='ocrx_word' id='word_1_276' title='bbox 181 4153 367 4217; x_wconf 52' lang='lat' dir='ltr'><strong>Famem]</strong></span> <span class='ocrx_word' id='word_1_277' title='bbox 386 4153 416 4204; x_wconf 88' lang='lat' dir='ltr'><strong>Iu</strong></span> <span class='ocrx_word' id='word_1_278' title='bbox 433 4153 501 4206; x_wconf 81' lang='lat' dir='ltr'><strong>litore</strong></span> <span class='ocrx_word' id='word_1_279' title='bbox 512 4154 592 4206; x_wconf 81' lang='lat' dir='ltr'><strong>Tomi·</strong></span> <span class='ocrx_word' id='word_1_280' title='bbox 638 4164 643 4176; x_wconf 86' lang='lat'>&#39;</span> <span class='ocrx_word' id='word_1_281' title='bbox 675 4157 716 4207; x_wconf 79' lang='lat'><strong>2⁴.</strong></span> <span class='ocrx_word' id='word_1_282' title='bbox 739 4159 759 4206; x_wconf 77' lang='lat' dir='ltr'><strong><em>A</em></strong></span> <span class='ocrx_word' id='word_1_283' title='bbox 780 4173 843 4206; x_wconf 72' lang='lat' dir='ltr'><strong>mero</strong></span> <span class='ocrx_word' id='word_1_284' title='bbox 860 4155 954 4219; x_wconf 70' lang='lat' dir='ltr'><strong>oum]</strong></span> <span class='ocrx_word' id='word_1_285' title='bbox 972 4153 997 4203; x_wconf 78' lang='lat' dir='ltr'>A</span> <span class='ocrx_word' id='word_1_286' title='bbox 1015 4154 1140 4213; x_wconf 80' lang='lat' dir='ltr'><strong>Jauuario,</strong></span> 
     </span>
     <span class='ocr_line' id='line_1_38' title="bbox 101 4228 1139 4296; baseline 0.002 -20"><span class='ocrx_word' id='word_1_287' title='bbox 101 4231 158 4277; x_wconf 62' lang='lat' dir='ltr'><strong>huo.</strong></span> <span class='ocrx_word' id='word_1_288' title='bbox 643 4231 685 4296; x_wconf 90' lang='lat' dir='ltr'><strong>qui</strong></span> <span class='ocrx_word' id='word_1_289' title='bbox 700 4247 766 4281; x_wconf 70' lang='lat' dir='ltr'><strong>noer</strong></span> <span class='ocrx_word' id='word_1_290' title='bbox 783 4237 834 4280; x_wconf 76' lang='lat' dir='ltr'><strong>erat</strong></span> <span class='ocrx_word' id='word_1_291' title='bbox 850 4231 913 4280; x_wconf 78' lang='lat' dir='ltr'><strong>Jauo</strong></span> <span class='ocrx_word' id='word_1_292' title='bbox 923 4231 984 4279; x_wconf 85' lang='lat' dir='ltr'><strong>Deo.</strong></span> <span class='ocrx_word' id='word_1_293' title='bbox 1019 4228 1072 4277; x_wconf 77' lang='lat' dir='ltr'><strong>Erit</strong></span> <span class='ocrx_word' id='word_1_294' title='bbox 1083 4232 1139 4290; x_wconf 79' lang='lat' dir='ltr'><strong>pul·</strong></span> 
     </span>
    </p>
   </div>
   <div class='ocr_carea' id='block_1_4' title="bbox 0 0 1528 5118">
    <p class='ocr_par' dir='ltr' id='par_1_7' title="bbox 0 0 1528 5118">
     <span class='ocr_line' id='line_1_39' title="bbox 0 0 1528 5118; baseline 0 0"><span class='ocrx_word' id='word_1_295' title='bbox 0 0 1528 5118; x_wconf 95' lang='lat' dir='ltr'><strong> </strong></span> 
     </span>
    </p>
   </div>
  </div>
 </body>
</html>
