2974 5100
284 351 355 418 EX
378 349 540 418 ΡΟΝΤΟ
565 349 654 416 LIB.
678 349 707 416 1.
731 348 876 416 urls'r.
899 350 970 418 IX.
1083 355 1145 422 891

103 524 137 598 0
157 524 310 622 quoties
327 523 445 600 dixit:
475 524 670 624 placabilis
688 523 744 600 ira
761 523 929 602 Deorum
945 535 1028 616 est;

151 639 260 728 Vive,
279 664 350 716 nec
369 640 512 738 ignosci
529 638 572 716 t'u
589 639 660 716 tibi
678 663 791 738 posse
808 664 918 738 nega.

99 755 187 830 Vox
200 769 331 834 tamen
345 757 410 832 illa
420 755 492 832 fuit
505 756 765 834 celeberrima:
784 758 931 857 respice
945 768 1130 858 quantum

151 872 304 949 Debeat
321 871 451 950 auxilii
468 871 661 950 Maximus
678 896 763 948 esse
779 872 871 949 tibi:
1096 881 1146 950 26

99 987 297 1066 Maximus
315 989 534 1078 incumbat3
564 1011 716 1086 quaque
733 998 792 1064 est
808 988 964 1087 pietate,
983 991 1144 1090 rogabit,

150 1103 189 1178 N
189 1129 213 1180 e
231 1104 282 1180 sit
300 1105 348 1180 ad
366 1115 577 1182 extremum
596 1103 760 1180 Ooesaris
778 1105 833 1182 ira
849 1116 985 1183 tenax:

100 1221 280 1320 Cumque
296 1222 376 1298 suis
394 1221 516 1298 fratris
533 1221 630 1296 vires
647 1221 855 1310 adhibebit,
874 1232 914 1300 et
929 1245 1092 1311 omnem,

151 1339 238 1424 Quo
257 1339 375 1414 levius
393 1339 535 1428 doleas,
555 1338 771 1438 experietur
788 1363 911 1439 opem.
1097 1345 1147 1414 30

102 1453 196 1534 lloec
212 1455 308 1530 mibi
324 1457 440 1532 verba
455 1455 563 1532 malm
581 1455 797 1531 minuerunt
812 1455 926 1536 taedia
942 1456 1051 1532 vitae:

151 1569 247 1657 Quae
263 1584 319 1661 tu,
338 1598 387 1648 ne
403 1573 553 1660 suerint,
573 1571 755 1660 Maxime,
772 1593 881 1660 vana,
899 1596 1002 1648 eave.

102 1685 189 1762 Huc
207 1713 363 1787 quoque
379 1700 576 1765 venturum
593 1689 684 1764 mihi
701 1713 744 1764 se
756 1691 883 1787 jurare
900 1689 1058 1776 solebat,

153 1803 240 1878 Non
258 1805 331 1880 nisi
349 1816 387 1882 te
405 1807 528 1904 longae
541 1809 605 1904 jus
624 1807 696 1882 sibi
713 1807 829 1882 dante
845 1807 934 1882 viae:

99 1919 199 1996 Nam
215 1935 284 1998 tua
300 1948 376 1998 non
393 1926 467 2001 alio
482 1924 600 2001 coluit
616 1923 823 2024 penetralia
839 1924 924 2010 ritu,
1092 1925 1141 1996 35

151 2037 353 2116 Terrarum
371 2041 543 2116 dominos
561 2064 675 2139 quam
691 2039 786 2116 oolis
803 2039 887 2139 ipse
906 2037 1021 2114 Deos.

103 2154 227 2230 Crede
245 2156 359 2246 milri;
390 2159 528 2234 multos
542 2157 682 2234 habeas
700 2179 818 2255 quum
835 2155 973 2253 dignus
991 2154 1144 2239 amicos,

152 2271 189 2344 N
192 2298 241 2347 on
258 2273 332 2348 fuit
348 2299 370 2348 e
387 2275 514 2348 multis
533 2275 703 2374 quolibet
719 2275 782 2348 ille
799 2273 932 2347 minor.

104 2389 145 2463 Si
162 2389 276 2464 modo
294 2414 366 2464 nec
382 2414 532 2477 census,
552 2414 621 2466 nee
639 2391 781 2464 clarum
798 2409 935 2463 nomen
953 2409 1119 2473 avorum,

153 2505 232 2580 Sed
249 2504 419 2605 probitas
437 2530 593 2603 magnos
610 2504 880 2603 ingeniumque
897 2500 999 2578 facit.
1096 2503 1146 2572 40

131 2824 173 2872 23.
190 2821 233 2871 lro
251 2823 375 2886 Deorum]
400 2821 440 2872 Im
451 2821 554 2888 Augusti
574 2829 600 2871 et
649 2821 750 2878 dixerat,
767 2819 865 2870 Celsum
881 2833 928 2866 non
945 2815 1016 2866 luisse
1033 2813 1147 2863 minorem

100 2897 151 2962 ejus
160 2896 297 2948 liberorum.
649 2895 729 2961 aliquo
743 2910 772 2944 ex
788 2892 871 2942 amicis
881 2889 992 2946 Maximi,
1006 2887 1109 2938 ostendit
1120 2887 1145 2937 id

131 2974 172 3022 25.
184 2971 461 3038 luasuircetetentma]
480 2969 598 3020 Maleas·
649 2985 730 3020 vsrum
748 2983 810 3024 esse,
827 2965 847 3016 ri
867 2963 988 3013 bominum
1007 2961 1104 3026 ingenia
1121 2971 1146 3010 et

7 3097 9 3102 ,
100 3047 191 3113 plicant
205 3044 445 3112 quidampmoipss
459 3041 599 3093 memorabi-
649 3041 917 3096 moretconsidaramus,
925 3037 1146 3094 missumst

100 3123 157 3179 ln,
169 3137 245 3188 quum
256 3119 296 3178 sit,
304 3121 438 3186 frequenter
448 3118 544 3168 usitata.
649 3119 757 3186 majores.
789 3116 814 3166 Si
824 3117 888 3164 modo
897 3131 943 3164 m
955 3129 1048 3164 ceum.-
1063 3111 1091 3162 lv
1103 3112 1144 3161 ὀλ-

130 3199 172 3247 29.
196 3197 256 3245 Cum
279 3195 348 3260 rub]
375 3193 482 3244 Subaudi
505 3195 599 3242 vir-ibris.
648 3185 1145 3259 flloibfliuvrdmstlbeocritldyllav.

100 3273 191 3322 Fratris
207 3275 276 3320 uim.
308 3269 378 3320 Vires
395 3269 473 3318 fratris
485 3266 597 3326 Maximi,
648 3267 758 3317 ver.2⁴:

98 3345 139 3414 qui
149 3347 513 3412 Angustaquoqueeratoanu.
679 3339 774 3391 Πολλοὶ
783 3338 830 3404 γὰρ
841 3335 978 3388 πλουτοῦσι
987 3334 1067 3392 smol,
1078 3333 1146 3400 ἀγα-

132 3423 172 3472 33.
199 3419 313 3484 soleba]
341 3418 426 3468 franc.
445 3425 471 3467 et
487 3412 598 3466 undodn
712 3410 924 3466 doidlrlvomt,

100 3497 141 3548 alii
166 3497 273 3545 mlebot:
300 3509 335 3544 rc.
360 3507 434 3558 quum
455 3489 600 3542 valediceret
678 3480 1146 3551 Ἀλλ’ἠμεῑςαύτοῖςοὺδιαμεμψῦμεθα

99 3571 166 3622 mibi.
681 3565 733 3622 Τῆς
749 3559 839 3628 ἀρετῆς
855 3560 901 3610 τὸν
920 3559 1032 3608 πλοῦτον
1046 3555 1100 3607 tut
1118 3557 1147 3606 rb

131 3647 172 3696 ³4.
191 3643 245 3694 Nisi
263 3652 286 3692 te
303 3645 374 3692 doute
384 3639 448 3705 joa]
465 3637 519 3688 Nisi
535 3645 559 3688 te
576 3639 599 3687 ei
713 3633 875 3701 ulvlunddv
882 3631 941 3690 tm,

101 3719 255 3776 concedente,
269 3730 298 3767 ut
311 3714 544 3783 longanavigatioue
560 3727 599 3762 rue
680 3709 802 3776 Χρήματα
812 3707 832 3757 δ’
845 3706 988 3773 dodorim
999 3705 1090 3754 alan
1101 3703 1145 3751 ἅλ-

100 3795 183 3845 adiret.
215 3791 265 3843 Vel
276 3791 366 3841 otiam:
385 3789 598 3846 nonullorum·
712 3783 826 3848 λοςέχει.

100 3869 161 3918 mine
178 3867 224 3918 nisi
241 3875 267 3915 te
283 3865 357 3916 dante
367 3863 408 3930 jus
419 3863 497 3927 longa
507 3862 561 3920 vin,
571 3869 599 3910 ut
647 3857 739 3907 Solonir
747 3873 828 3908 versus
836 3857 867 3906 ad
876 3852 1037 3908 Plutarchum,
1047 3848 1073 3897 ln
1082 3849 1145 3912 ejus·

99 3941 278 4008 n'tingratiam
288 3937 391 3988 Maximi
401 3936 501 3986 dietum.
647 3932 703 3981 dem
713 3931 779 3980 Vita.
1006 3995 1010 4006 Ι
1123 3991 1128 4002 Ι

129 4019 170 4068 36.
193 4017 255 4066 Dm
273 4015 373 4064 danim
391 4010 526 4074 terrarum-J
546 4009 597 4058 Au·
680 4005 721 4053 40.
736 4000 908 4065 Sedprobitu]
932 3997 1071 4048 auduram.
1102 3993 1143 4042 Sto

101 4103 192 4156 gustum
203 4105 233 4140 ιο
243 4089 298 4154 ejus
308 4087 403 4136 liberos.
647 4081 735 4131 Juven.
747 4079 798 4128 Sat.
811 4075 861 4124 viii.
875 4076 916 4124 20.
933 4071 1038 4122 nobilitas
1051 4068 1099 4116 ola
1111 4075 1146 4116 ert

100 4167 172 4216 Δ39.
199 4165 225 4213 st
252 4165 318 4212 mido
338 4177 383 4210 uon
409 4159 508 4222 coma]
536 4153 597 4216 Qui·
648 4152 886 4274 σιῃοωὲίωἷὺῐω.

777 4237 791 4272 o
