2974 5100
286 357 360 424 EX
384 351 546 424 PON'I'O
570 359 662 425 LIB.
686 358 714 425 1.
738 361 883 428 EPlsr.
908 362 950 430 V.
1069 367 1137 434 876

88 527 337 606 Parcendum
355 543 415 607 est
436 533 560 606 animo
578 533 791 609 miserabile
806 537 940 612 vulnus
958 539 1139 618 habenti:

136 645 374 722 Subducent
390 649 493 725 oneri
511 651 608 725 colle
624 661 778 749 perusta
793 652 921 728 boves.

85 760 147 850 At,
165 773 275 862 putu,
294 764 438 839 fructus
452 767 571 854 adest,
581 767 792 865 justissima
809 795 924 846 causa
940 772 1132 863 laborum;

135 877 188 952 Et
206 891 295 954 sata
313 905 400 956 curn
418 884 537 957 multo
555 881 694 958 foenore
711 884 837 958 reddit
855 909 955 984 eger.
1084 894 1132 964 26

85 993 258 1094 Tempus
277 997 328 1071 ed
345 997 417 1073 hoc
433 999 556 1086 nobie,
570 1010 720 1098 repetes
737 999 827 1074 licet
844 1003 980 1090 omnia,
992 1005 1134 1081 nullum

135 1110 302 1201 Profuit,
322 1124 437 1212 atque
456 1115 597 1190 utinam
611 1139 686 1189 non
703 1117 912 1193 nocuisset!
940 1143 1048 1218 opus.

88 1222 166 1300 Cur
183 1227 304 1324 igitur
320 1231 508 1306 scribam?
534 1232 701 1306 miraris:
727 1231 839 1306 mirer
855 1245 895 1308 et
910 1233 1014 1335 ipse3

136 1342 189 1418 Et
208 1370 362 1420 mecum
380 1371 506 1446 quero
525 1371 638 1447 sepe,
658 1348 852 1446 quidinde
869 1349 997 1426 serem.
1084 1358 1134 1427 30

88 1458 146 1533 An
165 1463 334 1560 populus
349 1487 435 1539 vere
452 1488 563 1538 sanos
580 1474 695 1560 negat
712 1489 795 1540 esse
812 1477 957 1564 poetas,

138 1575 313 1675 Sumque
331 1577 426 1653 fides
443 1580 555 1678 hujus
572 1579 739 1656 maxims
754 1581 856 1656 vocis
874 1585 970 1680 ego?

89 1690 174 1779 Qui,
194 1695 316 1768 sterili
332 1696 445 1771 toties
457 1721 574 1795 quum
592 1699 664 1772 sim
681 1699 864 1797 deceptus
881 1699 930 1773 ab
947 1723 1046 1789 ervo,

138 1808 337 1884 Dumnoss
354 1821 481 1909 persto
498 1813 660 1888 condere
678 1839 807 1888 semen
824 1813 950 1890 humo.

91 1923 247 2000 Scilicet
256 1936 318 2000 est
326 1927 489 2025 cupidus
502 1928 710 2004 studiorum
723 1929 886 2028 quisque
897 1955 1048 2006 suorum
1060 1961 1070 2024 ;
1082 1937 1131 2010 35

136 2039 307 2140 Tempus
325 2051 366 2116 et
383 2043 540 2118 adsueta
555 2068 695 2143 ponere
711 2044 750 2118 in
768 2057 846 2121 arte
857 2048 980 2144 juvat.

92 2155 250 2231 Saucius
269 2160 393 2256 ejurat
408 2183 575 2257 pugnam
589 2160 793 2256 gladiat0r3
822 2170 862 2236 at
878 2161 992 2252 idem,

140 2273 348 2349 Immemor
364 2274 507 2374 antiqui
524 2276 700 2365 vulneris,
716 2301 819 2352 arma
835 2279 956 2377 capit:

96 2387 156 2462 Nil
173 2391 246 2464 sibi
264 2415 353 2464 cum
371 2391 496 2490 pelagi
513 2392 606 2466 dicit
621 2392 699 2467 fore
717 2391 917 2490 naufragus
934 2394 1066 2485 undis;

141 2504 236 2581 Mox
253 2507 361 2582 ducit
377 2530 512 2596 remos,
531 2531 608 2606 que
624 2507 735 2582 modo
751 2507 865 2596 navit,
885 2531 994 2606 aqua.
1082 2515 1133 2585 40

95 2796 161 2844 quem
171 2779 235 2839 vide,
247 2797 277 2830 ex
292 2781 420 2832 Patauino.
437 2781 487 2832 Alii
497 2783 588 2848 Luem
638 2781 673 2830 ite
686 2779 806 2845 ingenium
816 2779 914 2838 bonum,
925 2780 945 2830 si
955 2795 1020 2839 curs,
1031 2781 1131 2832 meditu-

96 2854 179 2914 nrm,
198 2863 224 2906 et
240 2855 331 2906 Bcvsr.
353 2859 419 2914 licus,
439 2857 507 2924 cujus
527 2858 590 2924 prior
638 2855 679 2912 tin.
697 2853 803 2904 studium
822 2854 971 2912 accessum,
990 2854 1060 2920 longe
1074 2870 1132 2906 cn·

96 2927 182 2992 syllaba
199 2928 288 2994 passim
309 2929 440 2996 corripitur.
471 2931 530 2980 Sunt
547 2947 589 2980 uu·
638 2930 678 2980 det
688 2927 830 2978 fecundius.
857 2930 935 2978 Posr.

96 3009 140 3052 tun
156 3004 222 3054 dicta
239 3020 269 3052 ex
286 3003 418 3070 proverbio,
428 3020 482 3070 que
498 3012 588 3063 notum,
669 3005 710 3052 27.
731 3003 934 3065 Tempore-nulio
955 3002 1041 3054 smum
1062 3003 1134 3068 jubet

97 3089 138 3124 nnn
152 3093 203 3127 ene
217 3093 301 3126 curum
316 3093 380 3126 curn
391 3077 533 3136 addendum,
544 3095 588 3128 nec
638 3077 750 3128 Heinsius
759 3075 861 3126 scribere
871 3093 879 3138 ς
892 3086 917 3126 ct
930 3077 1014 3126 merito
1028 3077 1134 3127 defendit

97 3149 185 3201 meiero
200 3151 371 3201 ndflictionem.
405 3151 496 3200 Hebrus
513 3153 589 3201 mexi-
639 3151 770 3200 Burmann.
798 3152 1023 3212 tempus-nuncu.
1065 3149 1134 3200 Licet

97 3237 142 3274 nm
150 3225 259 3275 Thncin
269 3225 317 3275 fnit
326 3224 420 3282 fluvius.
431 3224 473 3290 qui
485 3225 510 3275 iu
524 3241 588 3278 mare
637 3225 701 3276 enirn
712 3225 777 3274 ruris
786 3223 892 3276 carmine
904 3223 1030 3291 scripserit,
1040 3225 1133 3274 nullum

96 3311 118 3346 ne
136 3299 237 3350 effirudit
254 3301 377 3364 AEgcum.
418 3299 495 3348 Auo·
521 3314 588 3350 mom
637 3311 717 3352 tamen
731 3300 777 3351 sibi
792 3299 879 3350 adhoc
890 3311 1134 3368 usquctempunpro·

95 3379 140 3420 ent
154 3373 264 3423 excelsus
273 3371 434 3430 Macedonia,
442 3387 514 3437 quem
525 3373 585 3423 Xer·
637 3375 708 3425 fuisse
718 3374 785 3424 dicit.
808 3374 921 3425 Hirrum.

95 3445 250 3512 respericdit.
279 3445 393 3494 ursin.
668 3451 709 3498 28.
721 3449 804 3513 opus]
823 3449 906 3498 libros
920 3445 951 3498 dc
961 3447 1020 3498 Arte
1030 3447 1134 3498 Arnendi

122 3521 161 3570 2³.
180 3521 327 3571 Parendum
343 3529 376 3569 est
396 3521 492 3585 unm]
515 3521 585 3586 Igno·
635 3521 753 3586 designat.

95 3595 201 3644 mudum
215 3603 254 3644 ent
270 3592 345 3642 menti
363 3609 421 3644 mee
441 3595 552 3652 adflicta,
567 3594 587 3644 si
669 3599 710 3646 ³2.
720 3597 776 3646 Sum
786 3599 885 3646 mmm
891 3597 974 3662 fides]
992 3599 1049 3647 Sum
1057 3595 1133 3645 mui-

97 3671 206 3720 nnutscio
217 3669 433 3736 optimacermins.
636 3683 710 3726 mum,
721 3669 786 3734 quod
802 3679 878 3735 poete
894 3670 941 3720 sint
959 3671 1043 3727 insani,
1055 3685 1135 3720 exem-

124 3743 161 3792 24.
180 3745 246 3793 colia
262 3743 379 3807 peruste]
411 3743 482 3794 eous
508 3742 588 3793 labore
636 3743 716 3810 plum:
735 3743 870 3810 qui,quum
885 3745 996 3794 carminis
1012 3759 1084 3792 cause
1096 3759 1134 3792 rc·

98 3825 229 3878 censuum
246 3827 271 3868 et
288 3817 324 3867 ite
341 3817 436 3875 adtrita,
450 3825 478 3868 ut
494 3827 590 3884 peruste
637 3818 731 3882 legetus
741 3818 793 3876 sim,
802 3818 881 3868 adhuc
893 3834 988 3868 carmen
997 3816 1080 3866 scribo.

98 3887 221 3941 nimiu.
670 3895 712 3942 3³.
721 3894 758 3942 As
767 3909 822 3940 arno
832 3892 925 3956 unilt]
942 3893 966 3941 Δ
979 3889 1063 3941 studiis
1076 3905 1133 3954 poe-

126 3965 164 4014 28.
185 3967 217 4014 Et
235 3975 288 4014 suta
306 3981 359 4014 cum
380 3965 452 4014 nutu
470 3963 586 4030 fenore]
638 3965 700 4024 ticin.
718 3979 772 4032 quo
790 3966 883 4018 nullum
900 3967 959 4016 mihi
975 3965 1075 4016 fructum
1090 3962 1134 4014 ed·

98 4039 158 4088 Sicut
173 4055 229 4104 eger
244 4038 338 4095 fertilis,
353 4037 373 4087 si
389 4053 444 4088 eum
459 4039 533 4096 colu,
552 4053 589 4087 se·
638 4041 723 4090 tulere.

99 4127 146 4164 men
162 4115 278 4166 creditum
295 4112 481 4180 multiplicetum
496 4112 587 4164 reddit:

736 4189 809 4237 nst
