3030 5108
353 390 358 396 ·
455 355 681 426 aeneum
701 356 902 428 amomo.
1127 363 1195 430 m

137 527 211 605 Vos
229 552 392 630 quoque
411 529 586 608 formosis
603 541 747 610 vestras
765 531 934 610 eorumne
950 533 1122 634 puellas:

186 643 352 746 Incipiet
370 647 535 726 dominos
554 672 747 749 quemque
764 649 908 749 pudere
924 675 1015 726 snae.
1119 655 1194 728 710

142 760 311 862 Utraque
329 763 509 844 formosa
528 766 656 842 Paridi
675 777 830 866 potuere
847 767 990 858 videri;

191 879 267 953 Sed
284 881 361 956 sibi
379 883 557 958 collatam
574 881 666 958 vicit
681 891 880 980 utramque
896 883 1040 958 Venus.

144 993 223 1068 Nec
241 997 365 1072 solam
381 995 537 1088 saciem3
566 1021 689 1072 mores
704 1023 858 1096 quoque
872 999 999 1074 confer
1017 1011 1057 1076 et
1074 1009 1192 1076 artes:

191 1109 356 1188 Tantum
369 1109 518 1210 judicio
535 1138 583 1188 ne
601 1126 690 1188 tuus
708 1115 810 1188 obsit
826 1139 941 1191 amor.
1122 1119 1195 1202 714

147 1225 335 1325 Exiguum
346 1239 423 1316 est,
436 1231 686 1328 quoddeinde
701 1253 854 1306 canam:
874 1233 943 1306 sed
954 1231 1094 1330 profuit
1103 1230 1196 1306 illud

194 1343 389 1441 Exiguum
407 1347 558 1422 multis:
586 1346 625 1420 in
643 1345 782 1444 quibus
801 1347 884 1446 ipse
900 1346 967 1420 fui.

150 1459 295 1560 Scripta
312 1485 409 1538 cave
427 1463 572 1560 relegas
590 1464 740 1538 biandae
759 1475 909 1538 servata
924 1465 1088 1563 puellae:
1205 1486 1208 1494 ·

196 1576 429 1652 Constantes
448 1577 592 1654 animos
610 1581 752 1678 scripta
768 1579 911 1670 relecta
926 1589 1091 1656 movent.

153 1690 285 1768 Omnia
301 1717 405 1792 pone
423 1692 521 1770 feros
539 1695 676 1793 (pones
694 1693 850 1788 invitus)
868 1694 906 1768 in
924 1694 1053 1792 ignes:

198 1807 247 1882 Et
263 1810 339 1898 dic,
360 1809 522 1886 Ardoris
537 1812 588 1886 it
603 1835 718 1908 rogus
735 1811 809 1886 iste
825 1810 914 1886 mei.
1125 1815 1199 1885 720

152 1923 320 2002 Thestias
339 1927 539 2004 absentem
557 1925 755 2002 succendit
772 1926 900 2026 stipite
916 1938 1060 2001 natum.

198 2041 253 2115 Tu
270 2043 409 2116 timide
426 2043 587 2118 flammoe
604 2043 750 2143 perfida
764 2044 880 2118 verba
895 2043 1031 2118 dabis?

154 2155 192 2235 Si
208 2168 330 2256 potes,
350 2167 393 2232 et
409 2181 519 2234 ceras
533 2183 698 2234 remove.
723 2157 816 2255 quid
834 2159 997 2256 imagine
1015 2161 1122 2234 muta

200 2272 409 2373 carpetis?
436 2273 508 2350 hoe
524 2274 639 2374 periit
655 2272 861 2348 Laodamia
876 2275 1002 2350 modo.
1127 2279 1200 2348 724

152 2386 199 2465 Et
215 2392 299 2466 loca
316 2391 441 2468 multa
457 2401 609 2466 nocent.
636 2389 754 2487 fugito
772 2390 858 2466 loca
874 2392 1027 2468 conscia
1043 2391 1157 2466 vestri

199 2506 455 2584 Concubitus.
483 2531 638 2582 caussas
655 2508 759 2582 mille
777 2507 917 2584 doloris
935 2509 1089 2584 habent.

157 2619 224 2696 Hic
238 2623 332 2713 suit3
364 2624 426 2700 hic
443 2625 596 2700 cubuit:
625 2625 795 2700 thalamo
810 2624 1056 2700 dormivimus
1073 2623 1168 2699 isto:

202 2738 273 2814 Hic
291 2739 390 2817 mihi
407 2739 552 2817 lasciva
569 2742 708 2839 gaudia
722 2751 835 2818 noete
852 2740 971 2817 de‘dit.

156 2851 362 2932 Admonitu
380 2856 576 2934 refricatur
593 2883 720 2950 amor;
749 2860 964 2956 vulnusque
982 2865 1161 2929 novatum

203 2971 415 3048 Scinditur.
443 2972 600 3050 infirmis
617 2999 753 3050 caussa
770 2973 910 3075 pusilla
926 2982 1051 3048 nocet.
1130 2973 1204 3045 730

132 3159 138 3169 .
158 3086 209 3163 Ut
224 3115 324 3190 pene
343 3089 558 3166 extinctum
575 3093 739 3168 cinerem
757 3092 789 3166 si
807 3089 949 3165 sulfure
965 3098 1101 3184 tangas
1117 3115 1126 3178 ;

201 3205 326 3296 Vivet,
346 3217 388 3282 et
404 3231 426 3283 e
444 3207 599 3283 minimo
615 3207 805 3282 maximus
823 3206 921 3304 ignis
939 3206 1022 3280 erit.

186 3441 239 3490 ⁷1³.
257 3441 348 3508 confir
364 3451 387 3490 ct
405 3443 488 3507 orm]
508 3445 588 3493 Artem
605 3461 654 3496 ms·
738 3438 1071 3503 Tantumacrigmmtaripta
1082 3437 1179 3486 dolendo

156 3513 229 3565 lium
247 3517 342 3567 Hune.
360 3517 656 3586 Anareconennprn·
769 3513 833 3561 mihi·
1075 3511 1175 3562 Douza·

155 3590 345 3677 “QQ
358 3597 384 3642 ‘i
393 3592 477 3658 ΝΜ
487 3593 600 3676 Ῑὲῧῑθῐω
612 3611 656 3645 ¹³¹¹·
739 3614 796 3663 val.
807 3613 907 3664 stamina
916 3615 1033 3664 succendit
1049 3612 1150 3676 actum]
1163 3613 1207 3662 Al-

156 3679 224 3715 Μθ·
240 3666 359 3730 mummi
377 3675 449 3751 “iffi
466 3669 554 3733 qubus
570 3669 656 3735 9119113
706 3687 763 3737 then
780 3687 873 3736 ‘l'ncatii
894 3685 951 3744 tria,
972 3701 1026 3751 qne
1044 3685 1119 3736 filiun
1139 3703 1208 3736 cuum

156 3742 362 3792 mmm·
372 3748 399 3790 ¹¹²
407 3757 435 3790 ¹¹·
446 3741 502 3792 ΑΝ·
514 3759 537 3792 ¹·
707 3761 865 3824 Meleagrum.
879 3761 984 3826 projecto
993 3759 1019 3809 in
1031 3760 1109 3810 focum
1120 3759 1209 3826 stipite,

186 3819 281 3908 ‘'fii''
294 3824 323 3869 in
336 3822 409 3870 Mo
418 3829 450 3869 Ν
461 3822 506 3872 hoo
515 3825 554 3878 ’ἰὴ
565 3838 596 3870 ⁰¹⁸
606 3824 657 3879 illo,
708 3834 749 3901 qni
761 3835 811 3883 fcta
827 3835 877 3884 nati
888 3833 1035 3890 continebat,
1052 3833 1088 3882 ita
1098 3833 1209 3900 perdidit

280 3927 288 3942 ·
733 3925 799 3958 usa.

157 3972 194 4022 lu
205 3976 291 4027 Hm.
303 3977 338 4025 iv.
350 3976 400 4026 Od-
416 3977 432 4026 ἱ.
444 3979 542 4029 mmm
550 3997 609 4043 puer
619 4000 658 4029 or-
741 3983 799 4032 723.
817 3982 880 4037 Quid
894 3981 994 4045 imagine
1005 3990 1070 4028 muto
1086 3980 1209 4042 Corporis?

158 4050 211 4097 tiu
218 4067 228 4108 ,·
244 4059 271 4101 et
279 4051 373 4117 passim
384 4051 451 4101 uini.
484 4053 573 4104 Bonus.
709 4059 749 4106 Ιιω
756 4060 826 4120 pm'r'r
839 4056 964 4106 Laudem
977 4053 1062 4116 moda]
1081 4052 1211 4102 laodamia

187 4123 243 4174 ⁷1⁴.
268 4126 397 4189 Taum]
421 4125 453 4176 dd
469 4135 506 4176 nt
523 4127 658 4180 dnmmodo.
709 4127 927 4197 periit,rpectcndo
935 4133 1052 4176 servatam
1060 4123 1138 4174 mariti
1153 4125 1210 4174 Pro·

156 4209 216 4262 topr.
226 4197 252 4249 ii.
261 4199 350 4249 Amor.
362 4215 403 4249 xv.
415 4201 454 4250 le.
709 4203 787 4253 tesilai
803 4205 901 4254 ceream
912 4197 1049 4264 imaginem.
