2982 5118
242 415 314 480 EX
337 411 499 480 ΡΟΝΤΟ
526 411 617 477 LIB.
642 409 712 477 111.
737 409 884 504 EPIST.
906 411 977 477 111.
1066 413 1132 480 457

84 589 262 687 Namque
274 612 345 686 ego
352 588 442 662 dum
453 596 566 661 canto
577 596 644 658 tue
654 609 782 682 regna,
790 596 943 684 tuaeque
953 587 1130 684 parentis,

132 705 180 778 In
198 706 344 779 nullum
361 729 447 778 mea
461 727 568 778 mens
587 705 728 800 grande
742 703 889 778 vacavit
906 729 1015 803 opus,
1083 711 1132 781 36

85 821 167 896 Nec
187 822 279 896 setis
298 822 337 896 id
354 820 496 910 suerat3
518 821 659 894 stultus
673 845 828 920 quoque
846 821 1014 896 carmina
1030 822 1115 909 feci,

133 937 292 1010 Artibus
311 948 354 1011 ut
372 961 504 1036 posses
523 960 599 1011 non
617 938 719 1012 rudis
738 963 822 1013 esse
840 939 955 1026 meis;

85 1053 159 1128 Pro
176 1055 319 1152 quibus
336 1055 512 1129 exsilium
530 1055 666 1130 misero
684 1054 776 1129 milri
790 1055 938 1128 reddita
954 1078 1120 1130 merces:

134 1169 180 1246 Id
199 1195 353 1269 quoque
371 1171 410 1244 in
428 1172 620 1258 extremis,
637 1183 676 1246 et
693 1171 774 1244 sine
791 1195 900 1269 pace,
920 1171 1025 1246 locis.
1085 1175 1135 1245 40

84 1287 138 1360 At
153 1311 230 1360 uon
246 1285 455 1360 Chionides
475 1285 684 1386 Eumolpus
702 1287 740 1360 in
761 1287 915 1385 Orphea
932 1287 1040 1376 talis;

136 1402 181 1476 In
202 1404 360 1503 Phryga
377 1427 447 1477 nec
467 1403 646 1502 Satyrum
663 1403 749 1478 telis
770 1403 960 1502 Olympus
981 1415 1081 1480 erat:

86 1518 251 1593 Praemie
268 1543 338 1593 nec
358 1519 500 1592 Chiron
515 1521 562 1594 ab
583 1519 720 1594 Achilli
739 1519 830 1593 talia
847 1519 963 1618 cepit,

137 1635 444 1734 Pythagoraeque
462 1634 587 1710 ferunt
603 1661 678 1710 non
696 1635 869 1710 nocuisse
889 1635 1067 1712 Numam.

89 1751 257 1827 Nomine
267 1778 340 1828 neu
351 1753 509 1828 referam
524 1755 676 1850 longum
689 1750 849 1827 collecte
859 1777 926 1852 per
935 1777 1068 1840 aevum,
1087 1757 1136 1828 45

142 1868 343 1968 Discipulo
361 1871 455 1968 perii
475 1872 577 1944 solus
595 1872 642 1946 ab
660 1871 743 1970 ipse
760 1895 859 1945 meo.

93 1986 193 2060 Dum
212 1985 349 2058 demus
367 2009 472 2060 arma
488 1986 570 2073 tibi,
585 1988 676 2061 dum
688 1997 739 2074 te,
758 1985 910 2073 lascive,
929 1986 1122 2074 docemus

142 2100 238 2175 Haec
258 2113 296 2174 te
311 2101 497 2200 discipulo
515 2103 614 2176 done
628 2103 808 2200 magister
824 2103 952 2177 habet.

93 2217 176 2291 Scis
195 2228 339 2305 tamen,
359 2229 401 2292 ut
418 2218 562 2316 liquido
575 2221 723 2317 juretus
741 2221 866 2294 dicere
884 2219 1020 2317 possis,

140 2333 178 2407 N
180 2358 231 2409 on
249 2359 312 2408 me
328 2335 516 2430 legitimos
535 2334 756 2409 sollicitasse
774 2345 887 2408 toros.
1091 2339 1140 2409 50

123 2623 162 2673 41.
185 2625 218 2672 As
239 2641 286 2672 noo
309 2623 428 2672 Chionides
450 2621 593 2688 nimum]
638 2623 769 2690 Ὄλυμπος
783 2623 867 2682 Μυσὸς
883 2621 997 2682 αὐλητὴς
1012 2623 1054 2671 sol
1070 2639 1141 2684 ποιη-

94 2697 154 2746 libri
176 2696 249 2746 multi
272 2715 318 2746 oon
339 2697 595 2754 &hemisesclam
644 2700 690 2760 τῆς
710 2701 792 2764 μελῶν
810 2699 851 2748 col
870 2695 993 2762 ἐλεγείων,
1015 2695 1141 2761 ὴγιμύντι

95 2771 238 2821 Echionides.
272 2771 318 2820 Sed
332 2772 431 2836 vulgato
445 2771 518 2821 lectio
535 2773 595 2822 bene
645 2773 775 2840 γενόμενος
786 2776 834 2832 τῆς
848 2773 1013 2836 κρουματιεῆς
1022 2774 1143 2836 μουσικῆς

92 2845 208 2896 schebet.
236 2845 373 2910 Εὔμολπος
388 2844 539 2904 Ποσειδῶνος
553 2849 595 2896 rol
645 2847 742 2909 τῆςδιὰ
756 2851 807 2896 τῶν
821 2845 917 2900 αὐλῶν,
929 2844 1045 2909 μαθητὴς
1060 2842 1085 2893 ll
1101 2847 1143 2896 sol

95 2920 338 2982 Xsrlmcl’eussuise:
349 2920 596 2984 st'l'hcocrlto,1dyll.
644 2922 764 2988 ἐρόμενος
782 2918 908 2986 Mopsion.
927 2919 955 2967 τὸ
976 2915 1049 2982 pisos
1068 2917 1144 2979 ὄντος

93 3011 148 3043 xxv.
171 2992 362 3059 ΦΔαμμονίδης
383 2995 515 3060 Eumolpus
536 2994 596 3043 dici·
645 2995 767 3062 Σατύρου,
785 2993 907 3043 oeoocroi
933 2990 959 3041 δὲ
984 2992 1027 3041 rol
1053 2991 1143 3053 παιδὸς

93 3077 138 3118 tur.
165 3071 248 3118 Meter
259 3077 340 3117 autem
356 3067 596 3118 Philammonischi-
645 3069 776 3137 ’Ὑάγνιδος
784 3067 870 3135 γέγονι
879 3065 903 3116 δὲ
914 3068 1143 3132 πρὸτῦντρωαῦν

94 3157 147 3198 one,
161 3149 191 3190 ut
202 3143 293 3190 Noster
309 3140 361 3206 ipse
377 3141 437 3190 Met.
448 3141 491 3190 lib.
502 3140 536 3190 xi.
548 3157 598 3191 ver.
648 3143 807 3209 ὁόλυμπος
816 3142 842 3198 ἐξ
852 3140 881 3192 οὗ
895 3142 936 3191 rol
945 3140 1001 3206 ipsc
1009 3141 1038 3190 ro
1048 3139 1076 3188 iv
1088 3147 1142 3192 Mu-

95 3217 141 3264 ³1⁷
153 3225 279 3265 memoret.
311 3213 402 3264 Docuit
417 3214 599 3280 hichmolpus
648 3217 691 3284 sip
709 3216 862 3282 ὀνομάζεται.
894 3216 1006 3279 Meropes
1018 3221 1098 3264 sutem
1114 3215 1145 3265 sb

95 3289 188 3338 cithero
198 3288 330 3338 Herculem
338 3304 431 3346 canere,
441 3297 501 3338 teste
509 3288 599 3338 ibidem
648 3292 760 3358 Apolline
781 3301 865 3340 contus
886 3290 991 3338 carmine
1012 3288 1098 3350 victus,
1119 3300 1146 3342 et

93 3363 230 3414 l'neocrito.
247 3363 339 3412 Herus.
374 3363 404 3412 ln
421 3363 519 3426 Orpheo.
535 3364 600 3429 Ergo
649 3377 704 3418 cute
714 3368 823 3418 detrecto
831 3366 968 3416 interfectus
976 3373 1021 3416 est.

95 3447 266 3504 preceptorum
284 3437 415 3501 Orpheum.
438 3438 509 3487 Meo.
549 3439 598 3486 Eu-
681 3444 721 3492 43.
732 3443 879 3492 Promisisse
892 3441 999 3506 chime]
1009 3441 1099 3490 Notum
1110 3448 1151 3508 cst¹

95 3515 189 3574 teipsu-
217 3509 331 3574 Plerique
348 3525 395 3558 non
408 3509 537 3559 Thracium
552 3511 599 3560 Eu·
648 3516 872 3566 sententiosum
885 3515 1052 3572 monumentis,
1062 3515 1146 3564 Achil·

96 3587 211 3652 melpum,
222 3584 266 3634 sed
285 3583 444 3641 Eleusiniam,
460 3601 490 3634 ex
506 3584 599 3650 Deiope
648 3591 696 3640 lem
715 3592 758 3640 sub
775 3591 884 3641 chironis
900 3589 1027 3655 discipline
1043 3589 1147 3640 maxima

95 3658 235 3725 Triptolemi
259 3667 349 3716 nalum·
371 3657 484 3721 mysteri&
506 3657 600 3708 Cereris
647 3664 815 3714 benevolentia
822 3664 952 3723 nutritum
965 3662 1019 3712 virle
1029 3664 1074 3712 sub
1083 3662 1148 3728 prin·

96 3733 208 3782 Eleusine
226 3731 336 3781 docuisse
347 3733 437 3789 volunt,
453 3733 552 3798 ejusque
566 3733 599 3782 rel
649 3737 696 3804 cip.
707 3737 750 3788 lib.
760 3739 777 3786 i.
785 3738 816 3788 de
826 3739 879 3786 Art.
888 3737 943 3786 Am.

97 3817 219 3857 auctorem
231 3807 321 3854 Istrum
331 3805 416 3855 citent.
443 3805 508 3855 Hinc
517 3815 542 3856 et
549 3807 598 3854 Eu·
682 3813 722 3860 44.
735 3807 1080 3878 Pythaguraepuesmnt‚&c.]
1099 3807 1146 3857 llic

96 3883 206 3948 molpldae
214 3880 285 3936 dicii,
294 3879 336 3945 qul
345 3879 433 3930 miliia
443 3881 599 3947 &Eumolpo
649 3887 754 3952 loquitur
763 3903 792 3936 ex
802 3902 883 3936 eorum
893 3883 1003 3950 opinione
1018 3881 1058 3948 qui
1069 3880 1147 3930 credi.

96 3973 168 4014 secra,
181 3955 298 4006 Eleusine
308 3963 469 4020 procureruot.
486 3955 582 4004 Mrcru.
649 3961 706 4011 dere
721 3961 826 4010 Numam
842 3958 984 4025 pompilium
1001 3971 1088 4020 regem,
1100 3956 1148 4020 Py.

128 4033 168 4080 42.
180 4031 212 4078 ln
225 4029 325 4093 Phryge
337 4045 378 4078 osc
392 4029 527 4092 Satyrum]
547 4030 600 4078 Nec
650 4033 754 4098 thagora
771 4033 905 4099 philosophi
916 4029 1057 4095 discipulum
1067 4029 1147 4079 inisse.

96 4105 167 4156 etium
178 4103 304 4169 Olympus
321 4103 376 4152 telis
390 4101 436 4152 fuit
448 4103 473 4152 in
488 4104 600 4168 Satyrum
685 4108 725 4156 47.
737 4108 813 4162 Quum
824 4105 923 4168 domus]
940 4105 1006 4151 Dum
1018 4101 1061 4150 tibi
1072 4101 1146 4167 sigui-

96 4179 227 4245 Marsyam.
239 4175 356 4242 qualistu
369 4175 394 4225 in
407 4176 528 4227 metuisti.
561 4178 600 4226 De
650 4180 750 4230 ficamus
769 4181 887 4245 quomodo
907 4175 1072 4244 expugnanda
1091 4184 1147 4226 sont

95 4254 198 4320 Olympo
220 4251 332 4303 menunit
350 4251 437 4302 Suidm
453 4251 490 4300 his
506 4254 598 4302 verbis:
652 4254 749 4318 puellm.
