3064 5104
315 307 361 374 ⁷⁴
615 305 656 371 Ρ.
679 303 843 373 OVIDII
865 303 1079 376 NASONIS

318 479 456 555 Ponite
469 479 550 576 jam
568 478 713 575 gladios
731 447 909 570 hebetes3
938 489 1129 579 pugnetur
1145 478 1280 556 aculis.

371 595 408 668 N
411 619 454 670 ec
472 594 617 682 dubito,
635 594 721 670 telis
739 594 833 694 quin
849 605 957 695 petar
973 595 1058 694 ipse
1073 596 1181 670 meis.
1294 597 1370 668 590

320 709 423 786 Dum
443 708 546 786 cadit
567 708 607 784 in
624 710 781 807 laqueos
798 721 933 810 captus
951 734 1105 809 quoque
1125 733 1245 812 nuper
1263 732 1369 784 ama·
1479 817 1484 826 Ι

469 837 548 915 tor3

370 943 502 1018 Solum
519 965 561 1016 se
578 941 763 1017 thalamos
781 953 910 1042 speret
926 943 1067 1020 habere
1083 953 1181 1019 tuos.

319 1060 527 1135 Postmodo
544 1059 709 1146 rivalem,
729 1060 944 1159 partitaque
960 1060 1103 1135 soedera
1118 1059 1206 1134 lecti

371 1177 531 1252 Sentiat.
559 1175 628 1249 has
647 1185 747 1251 artes
765 1177 876 1266 tolle3
906 1187 1081 1252 senescet
1097 1199 1214 1250 amor.

318 1293 417 1366 Turn
430 1293 528 1367 bene
539 1291 645 1366 fortis
656 1316 777 1391 equus
791 1303 957 1368 reserato
967 1315 1118 1369 carcere
1131 1290 1263 1379 currit;
1293 1293 1367 1364 595

369 1408 482 1495 Cum,
498 1431 594 1508 quos
608 1419 820 1506 pretereat,
835 1433 1009 1508 quosque
1025 1419 1219 1509 sequatur,
1236 1407 1373 1482 habet.-

319 1524 540 1611 Quamlibet
552 1525 741 1599 extinctos
759 1523 897 1622 injuria
913 1524 1073 1600 suscitat
1089 1524 1209 1623 ignes.

371 1639 431 1714 En
448 1664 520 1737 ego
537 1637 753 1736 (confiteor)
771 1663 847 1714 non
864 1639 936 1713 nisi
954 1640 1067 1714 laesus
1083 1663 1183 1714 amo.

321 1755 469 1830 Caussa
485 1763 613 1828 tamen
630 1752 786 1827 nimium
805 1778 880 1828 nou
897 1753 948 1828 sit
963 1754 1162 1830 manifesta
1178 1752 1339 1842 doloris;

368 1870 563 1969 Pluraque
575 1869 770 1956 sollicitus,
786 1893 901 1970 quam
916 1870 1024 1958 sciat,
1039 1895 1124 1947 esse
1141 1879 1262 1970 putet.
1291 1873 1367 1944 600

319 1987 459 2061 Incitet
476 1995 515 2061 et
531 1985 609 2060 ficti
627 1986 744 2061 tristis
759 1987 933 2062 custodia
949 1989 1059 2074 servi,

369 2101 422 2176 Et
438 2100 594 2175 nimium
611 2100 696 2175 duri
713 2125 805 2177 eura
820 2102 982 2178 molesta
997 2103 1079 2176 viri.

252 2259 258 2266 ·
319 2216 414 2303 Quae
427 2215 530 2290 venit
546 2239 595 2291 ex
613 2227 708 2304 tuto,
728 2217 852 2292 minus
869 2227 930 2296 est
945 2227 1106 2316 accepta
1121 2217 1308 2316 uoluptas.

371 2333 427 2407 Ut
443 2333 495 2406 sis
512 2332 665 2407 liberior
680 2330 839 2420 Thaide,
857 2333 958 2431 linge
976 2344 1114 2408 metus.

319 2450 421 2524 Cum
438 2448 571 2523 melius
589 2448 733 2524 loribus
749 2450 885 2549 possis,
904 2449 1062 2526 admitte
1078 2449 1262 2524 fenestra:
1291 2451 1365 2522 605

368 2565 493 2666 Inque
509 2576 576 2640 tuo
592 2565 697 2640 vultu
715 2567 825 2665 signa
841 2567 1009 2643 timentis
1024 2567 1137 2641 habe.

319 2683 468 2757 Callida
484 2679 665 2780 prosiliat,
684 2683 863 2781 dicatque
881 2682 1030 2770 ancilla,
1049 2681 1245 2756 Petimus}

365 2797 424 2872 Tu
437 2800 617 2897 juvenem
633 2799 822 2898 trepidum
836 2799 1008 2898 quolibet
1024 2797 1122 2871 abde
1138 2796 1236 2869 loco.

316 2911 574 2987 Admiscenda
589 2923 716 2987 tamen
734 2913 864 2988 Venus
881 2925 940 2990 est
957 2937 1090 2991 secura
1106 2911 1251 3002 timori3

368 3026 429 3102 Ne
447 3027 542 3100 tanti
560 3038 690 3101 noctes
709 3051 784 3101 non
802 3040 911 3126 putet
929 3054 1013 3105 esse
1030 3041 1128 3104 tuos.
1290 3032 1365 3100 610

317 3141 406 3228 Qua
423 3141 525 3216 vafer
541 3143 642 3217 eludi
660 3143 781 3242 possit
797 3146 942 3221 ratione
960 3146 1127 3231 maritus,

367 3255 533 3354 Quaque
550 3257 638 3355 vigil
656 3268 797 3348 custos,
815 3261 1072 3358 praeteriturus
1095 3283 1210 3335 eram.

348 3544 406 3593 60⁴.
432 3543 464 3592 Ut
480 3545 510 3592 sir
527 3544 619 3594 liberior
638 3545 735 3604 Thaide,
745 3547 816 3614 finge
864 3565 918 3615 qua
929 3551 1070 3600 metulacta
1083 3546 1364 3606 sitlrucacoonnmodnt.

314 3617 407 3680 metm]
437 3617 491 3673 Pro,
516 3617 651 3681 Qonoqrrnm
672 3623 701 3668 ιίι
723 3623 815 3670 liberior
864 3624 962 3673 Μιοιι..

317 3693 413 3747 lintre,
435 3690 460 3739 id
480 3698 524 3746 ast,
546 3693 653 3756 quelibet
672 3693 764 3759 vulgari
786 3711 814 3745 ac
897 3698 954 3746 607.
981 3697 1097 3761 Callida]
1125 3695 1236 3754 Mallem,
1258 3697 1364 3745 Pallida.

314 3765 412 3834 publice
420 3765 553 3830 prostituta,
562 3781 615 3829 que
626 3765 691 3817 hunc
698 3769 736 3817 vel
746 3768 814 3818 illum
864 3771 953 3820 Bunrr.

315 3843 412 3908 impunc
423 3838 535 3894 admittit,
546 3847 626 3888 tamen
640 3842 702 3906 linge
715 3851 813 3900 metum,
896 3845 953 3892 609.
969 3844 1014 3892 Sed
1029 3846 1143 3892 ιιιίιιιιιόι
1160 3841 1255 3904 ma]
1273 3842 1364 3891 Adule-

315 3919 361 3968 διο.
393 3914 432 3963 Sic
448 3913 512 3962 eninr
529 3911 567 3962 hic
582 3913 649 3962 locus
661 3918 814 3981 exponendus
863 3921 935 3967 cnrdn
949 3933 1005 3968 eum
1015 3919 1092 3983 prima
1101 3918 1159 3966 edit.
1169 3925 1194 3966 et
1207 3915 1302 3980 scriptis
1312 3915 1364 3982 ple·

315 3989 421 4041 videtur:
439 4001 487 4036 non
504 3994 531 4035 ut
546 3985 642 4036 Merula
656 3989 761 4055 exponit,
772 3989 813 4055 qui
863 3992 950 4057 risque·
959 3991 1129 4042 nuncetiam
1140 4005 1202 4042 unus
1211 4005 1240 4038 ex
1251 3988 1313 4038 meir
1322 4005 1365 4056 pro

316 4065 347 4115 de
367 4061 462 4113 'I'lrn'ide
479 4060 621 4111 Terentiana
640 4061 730 4114 dictum
750 4063 813 4114 occi·
864 4067 948 4114 timori.
965 4073 1093 4132 arguant
1106 4065 1230 4115 timentem
1243 4079 1285 4114 nu
1299 4063 1364 4113 tinni-

315 4139 360 4206 pit,
376 4135 540 4208 Phedpinque
558 4135 727 4196 exclusionem,
746 4141 814 4209 quani
864 4137 921 4189 dun
930 4141 1048 4192 Venerem
1056 4156 1146 4192 mura
1154 4139 1366 4208 opponatllnrru.
