2974 5100
273 303 505 369 TRISTIUM
519 298 620 369 ΗΒ.
645 301 688 370 V.
712 303 850 372 ELEG.
873 305 983 371 XIII.
1084 309 1149 374 uls

105 475 219 560 Quod
237 487 304 552 tua
320 501 381 552 me
398 495 481 552 raro
498 479 639 552 solatur
655 477 827 577 epistola,
846 493 1004 579 peccas:

157 592 334 692 Remque
352 594 454 693 piam
469 606 640 693 prestas,
659 596 698 668 ni
715 595 806 670 mihi
823 598 938 671 verba
955 621 1082 694 neges.

107 707 191 783 Hoc
209 733 344 808 precor
360 711 539 787 emenda:
568 713 672 810 quod
690 711 722 786 si
739 713 944 788 correxeris
961 739 1090 802 unum,

157 821 297 900 Nullus
315 827 354 900 in
369 827 520 926 egregio
537 853 691 928 corpore
706 853 832 904 naevus
850 831 933 905 erit.

106 941 285 1016 Pluribus
303 966 489 1032 accusem,
508 945 588 1020 lieri
605 946 676 1020 nisi
695 946 826 1045 possit,
846 956 888 1020 ut
905 948 952 1022 ad
970 971 1031 1021 me
1103 951 1146 1020 15

156 1056 283 1132 Litera
300 1084 373 1134 non
391 1061 527 1148 veniat,
546 1061 661 1135 missa
677 1061 727 1136 sit
745 1061 809 1135 illa
826 1073 965 1137 tamen.

107 1171 157 1244 Dl
174 1173 327 1262 saciant,
346 1187 389 1249 ut
407 1175 455 1249 sit
473 1177 670 1252 temeraria
686 1189 813 1252 nostra
830 1180 997 1277 querela,

155 1289 289 1388 Teque
306 1301 435 1390 putem
453 1291 547 1368 falso
564 1318 638 1367 non
657 1296 871 1371 meminisse
889 1297 976 1370 mei.

107 1403 218 1489 Quod
242 1431 386 1506 precor,
410 1433 494 1483 esse
520 1409 661 1508 liquet:
695 1434 819 1508 neque
844 1413 943 1485 enim
967 1412 1146 1486 mutabile

155 1521 322 1599 Credere
340 1549 400 1600 me
417 1525 473 1600 fas
492 1511 730 1626 est'pectoris
749 1550 833 1601 esse
850 1528 918 1602 tui.
1014 1529 1144 1625 [robur

109 1637 216 1714 Cana
230 1641 336 1738 prius
354 1642 477 1738 gelido
495 1643 621 1717 desint
638 1644 826 1718 absinthia
844 1645 978 1733 Ponto,
1097 1650 1141 1718 21

155 1756 207 1830 Et
223 1768 351 1832 careat
367 1758 468 1834 dulci
486 1759 674 1835 Trinacris
692 1759 822 1859 Hybla
838 1761 982 1860 thymo,

109 1872 371 1950 Immemorem
389 1899 504 1973 quam
520 1887 559 1950 te
577 1876 779 1975 quisquam
797 1876 995 1951 convincat
1012 1871 1143 1952 amici:

155 1989 191 2062 N
194 2015 243 2064 on
261 1990 317 2066 ita
333 2003 422 2065 sunt
437 1991 502 2066 fati
521 1993 682 2066 stamina
698 1993 805 2090 nigra
821 1992 907 2066 mei.

109 2103 322 2194 tutamen,
341 2117 384 2180 ut
401 2107 504 2181 falsae
523 2109 644 2207 possis
661 2133 814 2208 quoque
833 2109 971 2207 pellere
989 2111 1109 2209 culpae

154 2222 337 2310 Crimina,
355 2224 457 2320 quod
475 2249 549 2297 non
567 2248 620 2310 es,
639 2247 687 2297 ne
703 2223 864 2311 videare,
884 2248 999 2300 cave:
1098 2230 1145 2299 26

109 2339 235 2438 thue
254 2341 469 2415 solebamus
490 2324 710 2416 consumere
728 2343 842 2436 longa
859 2340 1047 2439 loquendo

152 2455 352 2556 Tempore,
371 2481 580 2532 sermonem
597 2457 796 2532 deficiente
814 2457 895 2544 die;

137 2681 175 2728 12.
193 2680 343 2746 Verpoorteu
357 2679 392 2730 its
407 2681 467 2732 bene
485 2682 598 2748 interpre-
682 2683 719 2731 lt.
732 2682 819 2731 Nullus
826 2681 922 2745 scum]
936 2681 1009 2739 Quasi
1020 2680 1093 2738 dicat,
1107 2681 1143 2730 ni·

106 2759 178 2802 tatur:
188 2752 214 2801 Si
225 2769 274 2802 non
284 2755 390 2818 gravaris
400 2755 430 2804 sd
441 2771 479 2804 me
489 2755 599 2814 scribere,
647 2755 681 2806 bil
697 2757 740 2806 abs
754 2764 778 2805 te
791 2755 909 2821 requiram
923 2753 1033 2820 emplius,
1049 2753 1069 2802 si
1083 2754 1145 2804 bunc

106 2841 147 2890 ego
166 2842 208 2894 per
224 2829 293 2876 verua
311 2827 415 2894 epistole
435 2838 481 2878 tue
500 2827 557 2878 mihi
574 2847 600 2879 rs
648 2829 722 2880 veluti
736 2847 765 2880 ex
781 2830 880 2879 formoso
896 2829 1087 2894 ccrpcrelnbem,
1105 2836 1147 2878 sut

106 2901 149 2961 ipso
162 2909 187 2950 et
204 2902 269 2950 lacto
285 2902 389 2950 officium
403 2903 533 2968 prestitum
548 2920 600 2954 esse
648 2905 768 2954 maculam
778 2903 874 2954 unicam
885 2902 1015 2953 sustuleris.

102 2974 223 3038 judicabo.
247 2975 319 3034 Quod
330 2985 410 3025 sutem
421 2977 465 3027 hoc
477 2979 600 3027 verborum
684 2981 722 3029 15.
733 2980 842 3028 Pluribus
848 2977 969 3040 arcuum]
979 2976 1088 3026 Pluribus
1095 2991 1146 3026 rer·

105 3049 205 3098 officium
219 3067 267 3101 non
280 3061 491 3117 prrestsspeccss.
524 3052 599 3101 Hein·
648 3052 686 3102 bis
697 3051 800 3102 officinm
809 3060 877 3101 tuum
888 3066 1031 3100 recusarem.
1056 3051 1146 3100 Herus.

105 3139 150 3172 sus
169 3123 321 3190 suspicstur:
349 3141 438 3188 remque
456 3128 518 3188 piam
538 3127 601 3173 laud
685 3128 722 3176 19.
742 3127 807 3181 Quod
822 3125 922 3190 preren]
943 3125 977 3175 Ut
993 3125 1053 3173 falso
1072 3125 1102 3175 de
1122 3136 1146 3176 te

104 3197 601 3263 prestas,qsimilriv.n.Ccderleidensis
650 3215 743 3264 querar.
770 3201 850 3249 Robur
871 3203 906 3248 tus'
924 3200 1029 3263 pectoris.
1056 3199 1147 3248 ltlentis

106 3269 190 3329 baben
207 3288 298 3336 remque
310 3273 369 3320 matr
382 3283 473 3334 prastm
488 3277 527 3324 ud
538 3290 568 3321 m.
578 3290 600 3322 v.
650 3283 697 3323 tun
711 3273 868 3326 constentiam
884 3272 909 3321 in
924 3287 962 3321 me
976 3272 1085 3331 amando,
1096 3289 1146 3323 cre·

106 3361 185 3409 segor:
196 3346 259 3394 alius
269 3363 276 3406 ;
286 3361 376 3410 remque
383 3349 465 3396 molum
474 3357 566 3410 presta
575 3350 600 3395 ni
650 3347 705 3396 dere
716 3363 807 3412 nequeo
818 3363 875 3396 esse·
880 3347 1055 3396 labefactatam.

106 3420 157 3466 suti
169 3422 238 3468 mdo
253 3421 328 3486 legas:
345 3420 408 3479 duu;
424 3423 524 3485 quodque
535 3425 601 3484 pium
681 3421 723 3469 21.
741 3421 894 3470 Absiutbium
905 3421 930 3470 in
941 3423 1018 3469 Ponto
1028 3420 1073 3470 luit
1087 3439 1146 3485 prs·

106 3503 201 3552 prtum.
233 3497 315 3553 Quare
327 3495 486 3551 Burmannus,
500 3493 542 3561 qni
553 3495 600 3552 bie,
649 3493 827 3552 stantissinrum,
845 3495 921 3543 multo
935 3496 1036 3543 amarius
1050 3495 1144 3552 Italico,

107 3575 132 3614 ut
144 3583 215 3633 sape,
230 3584 265 3616 m
281 3576 306 3617 et
320 3571 387 3616 ver-bo
402 3569 496 3634 opponi,
508 3577 534 3618 et
549 3569 599 3618 Ne·
650 3569 700 3634 ejus
717 3585 772 3618 vero
788 3567 894 3618 medulla
910 3568 995 3626 dulcis,
1009 3569 1064 3617 ride
1083 3571 1146 3618 Plin.

107 3657 183 3690 sonem
194 3643 257 3692 velle
273 3651 351 3709 putet,
362 3644 431 3692 rebus
448 3643 544 3708 quidem
561 3658 599 3692 sa·
649 3643 757 3692 xxvii.7.
792 3643 910 3692 Trinacris
919 3653 956 3692 est
965 3642 1047 3692 Sicilia
1055 3644 1146 3693 Grecis

108 3714 209 3765 tislscere
225 3715 304 3765 officio
322 3715 434 3773 amicum,
455 3715 498 3766 sed
519 3718 598 3775 verbs,
650 3716 753 3766 utribus
767 3716 930 3784 promontoriis
942 3717 1067 3775 sicdicta5
1084 3717 1146 3766 conl.

108 3787 123 3835 i.
137 3803 159 3837 c.
179 3790 300 3856 epistolas,
316 3805 364 3838 non
383 3799 501 3854 praestnre,
522 3791 600 3856 legere
649 3809 672 3841 v.
684 3791 707 3840 6.
718 3793 760 3840 38.
793 3792 906 3840 llnnuss.

110 3862 184 3923 malit;
202 3865 301 3927 idemq-m
309 3867 369 3914 malr
379 3867 441 3914 baud
452 3875 552 3927 μναῖαι,
562 3867 600 3914 ssd
681 3869 721 3915 22.
740 3866 818 3929 Hybla
832 3865 970 3928 Trinacris]
989 3862 1077 3926 Hybla,
1086 3861 1146 3912 civi-

110 3937 161 3984 nilu'
169 3941 236 3987 urta
248 3941 336 4004 negas?
353 3939 424 3987 tueris
440 3955 516 3988 meatu
531 3955 599 3988 caus·
650 3950 686 3988 tas
695 3939 792 3989 Sicilie.

110 4023 155 4058 tw
163 4012 259 4077 optime,
270 4011 313 4061 sed
325 4027 371 4066 non
381 4011 472 4070 scribis,
483 4014 531 4070 vel,
541 4031 600 4062 rem·
683 4017 723 4064 28.
734 4015 858 4064 Sermonem
866 4029 921 4061 curn
928 4007 1145 4074 Rottendorpbisno

14 4139 16 4224 l

110 4099 148 4144 rte
156 4089 242 4149 quidem
250 4096 352 4150 penus,
365 4091 410 4146 ssd,
421 4089 465 4136 dre.
489 4087 600 4137 Hsunss.
650 4097 674 4137 et
684 4091 799 4144 Puteano,
811 4086 928 4152 rescripsit
941 4076 1066 4133 Heinsius:
1087 4081 1146 4132 edit.

391 4167 401 4182 '
747 4163 789 4210 24
