2982 5118
318 407 384 472 5⁰⁰
610 403 649 468 P.
672 400 834 467 OVIDII
858 399 1069 466 NASONIS

320 578 472 676 Pugnat
488 575 535 650 ad
553 577 769 674 exemplum
786 575 905 650 Primi
922 573 1042 648 minor
1058 571 1189 648 ordine
1203 569 1298 658 Pili;

370 693 569 791 Multaque
585 691 658 766 fert
675 691 965 776 milesuuluera,
986 689 1103 762 multa
1119 686 1220 762 lacit.
1311 687 1364 757 50

320 811 398 886 Sed
414 819 560 884 tantum
578 808 694 882 virtus
712 808 804 881 alios
821 818 887 881 tua
904 805 1069 906 praeterit
1085 827 1229 889 omnes,

367 925 466 1000 Ante
483 925 579 998 citos
597 934 782 1022 quantum
800 922 972 1020 Pegasus
990 921 1070 995 ibat
1087 943 1220 1018 equos.

318 1041 489 1116 Vincitur
506 1039 716 1139 AEgypsos:
746 1048 958 1137 testataque
975 1047 1126 1134 tempus
1144 1035 1183 1108 in
1201 1057 1312 1107 omne

369 1156 467 1230 Sunt
481 1166 557 1244 tua,
578 1155 753 1242 Vestalis,
772 1153 936 1228 carmine
955 1151 1055 1227 lacta
1071 1176 1169 1226 meo.

601 1607 922 1684 EPISTOLA
955 1606 1066 1680 VIII.

711 1807 732 1847 *
756 1803 960 1870 SUILLIO.

316 1963 477 2038 eruau
497 1985 582 2036 sera
598 1960 766 2058 quidem,
789 1961 923 2036 studiis
941 1961 1091 2036 exculte
1110 1959 1234 2048 Suilli,

364 2078 450 2153 Huc
468 2089 534 2152 tua
549 2078 731 2176 pervenit,
752 2079 820 2153 sed
837 2079 930 2153 mihi
947 2088 1056 2176 grata
1071 2087 1223 2154 tamen:

314 2195 410 2283 Qua,
430 2195 494 2293 pia
511 2194 542 2268 si
560 2193 681 2292 possit
699 2193 867 2292 Superos
885 2193 1002 2268 lenire
1015 2194 1182 2290 rogando

364 2311 508 2397 Gratia,
527 2311 689 2384 laturum
706 2320 745 2384 te
763 2311 855 2384 mihi
873 2311 968 2385 dicis
986 2335 1109 2408 opem.

311 2427 366 2502 Ut
378 2429 457 2525 jam
475 2427 527 2498 nil
545 2436 714 2525 praestes,
733 2427 847 2501 animi
865 2452 949 2502 sum
967 2428 1089 2502 factus
1107 2427 1219 2502 amici
1331 2433 1354 2502 5

361 2543 536 2631 Debit0r3
566 2553 606 2616 et
622 2541 810 2630 meritum,
826 2544 923 2618 velle
937 2546 1082 2642 juvare,
1095 2567 1202 2628 voco,

308 2659 476 2758 Impetus
493 2659 565 2733 iste
582 2669 669 2732 tuus
687 2657 840 2754 longum
857 2658 969 2734 modo
987 2659 1097 2732 duret
1113 2658 1152 2731 in
1170 2683 1293 2732 aevum
1302 2688 1313 2749 3

360 2773 466 2850 Neve
484 2773 590 2850 malis
607 2773 729 2873 pietas
748 2773 797 2848 sit
815 2784 882 2848 tua
898 2775 998 2848 lassa
1016 2773 1122 2848 meis.

340 3071 382 3120 49.
400 3069 501 3139 Minoa]
520 3070 634 3120 Centurio
647 3071 689 3136 qui
700 3079 750 3120 erat
761 3071 806 3119 nub
857 3071 975 3135 relegatus
994 3069 1020 3118 iu
1040 3067 1152 3125 insulam,
1170 3084 1248 3134 enque
1265 3079 1355 3120 mortuo

307 3143 438 3210 primipilo:
456 3145 481 3194 id
492 3155 536 3203 est,
547 3146 591 3196 nub
602 3145 700 3196 Vestale
710 3145 806 3194 minoris
856 3161 973 3201 mucrene,
980 3143 1078 3194 Claudii
1085 3143 1290 3193 Cenfiademum
1297 3144 1356 3194 arni·

307 3217 440 3282 diguitatis.
474 3219 804 3283 Pugnutnderemnlumpn'-
856 3218 914 3266 citia
926 3233 955 3267 ac
972 3216 1132 3267 familiaritate
1149 3215 1191 3266 diu
1208 3216 1310 3268 feliciter
1321 3227 1358 3268 est

306 3294 389 3353 mipili.
421 3292 532 3342 videndo
554 3291 699 3358 primipilum
721 3293 806 3342 acriter
857 3307 921 3341 unua.
947 3293 997 3340 Sub
1007 3290 1218 3349 Neronetandern,
1228 3292 1295 3356 quod
1304 3309 1356 3359 pre·

306 3364 332 3414 in
349 3365 424 3429 prima
442 3366 493 3414 acle
512 3383 627 3432 pugnare,
642 3377 668 3418 et
684 3369 733 3434 ipse
750 3383 805 3422 eum
856 3363 889 3412 tio
909 3365 1042 3414 conductus
1062 3379 1187 3414 accunasue
1207 3364 1355 3416 insimulare·

305 3437 455 3495 luctabatur,
466 3440 594 3504 pugnando
604 3441 677 3490 etiarn
689 3439 785 3491 sortiter.
855 3446 902 3494 tur.
920 3446 945 3487 et
965 3437 1098 3503 complures
1119 3437 1230 3502 adegisse
1246 3440 1279 3488 ad
1295 3455 1356 3490 mm·

337 3515 378 3562 53.
402 3513 509 3562 Vincitur
525 3515 660 3579 Egyptian]
684 3516 747 3564 Urbe
763 3515 807 3566 illa
856 3521 914 3569 tem,
933 3514 1031 3563 Seneca
1055 3511 1160 3576 impulsu
1188 3512 1243 3578 lege
1271 3513 1357 3565 Cilicia

305 3585 401 3636 taudem
419 3593 460 3634 tua
476 3585 597 3644 virtutae
615 3588 728 3644 Vestalis,
740 3589 805 3654 capi·
855 3586 989 3644 damnatus,
1004 3594 1029 3636 et
1046 3585 1070 3634 iu
1084 3585 1201 3636 Baleares
1218 3585 1356 3653 deputatur

304 3670 350 3712 tur.
390 3659 489 3709 Tentata.
524 3661 667 3711 Teuimoniu
700 3677 806 3726 compro-
855 3669 899 3709 eat.
927 3662 990 3710 Rem
1005 3673 1098 3708 omnem
1111 3659 1207 3725 copiose
1217 3671 1355 3726 persecutam

304 3737 370 3784 bata.
854 3743 890 3784 eut
899 3736 1006 3793 Tacitus,
1016 3735 1057 3783 lib.
1068 3735 1100 3783 iv.
1112 3735 1150 3782 ll.
1160 3743 1187 3784 et
1197 3735 1249 3784 xiii.

336 3812 352 3842 “
368 3808 494 3872 Surium]
513 3809 560 3858 Hic
575 3808 626 3858 eine
641 3808 714 3858 dubio
729 3819 765 3859 eat
776 3812 805 3860 P.
887 3810 911 3858 3.
922 3811 996 3872 Sipia
1006 3807 1107 3874 gratia]
1120 3807 1146 3856 si
1156 3823 1224 3857 amor
1233 3818 1289 3858 tuus
1298 3825 1354 3874 erga

304 3885 410 3941 Suillius,
421 3883 579 3949 quiqumtur
589 3883 691 3948 primurn
702 3882 804 3932 Cauris
853 3883 967 3948 mcpiua.
1001 3882 1281 3945 pomeranensem.
1296 3883 1352 3932 Poe*

305 3958 450 4015 Germanici,
463 3956 557 4023 legatur
574 3956 660 4006 deinde
676 3971 718 4021 pro
735 3971 801 4020 que·
852 3966 889 4005 eet
899 3957 1004 4008 mulcere
1015 3964 1040 4006 et
1052 3957 1149 4021 placare
1161 3957 1281 4008 emm.
1313 3957 1351 4005 Τι-

303 4041 365 4081 nore
376 4032 401 4081 in
412 4032 478 4088 Aria,
489 4029 602 4096 deinceps
611 4038 665 4096 port
678 4044 802 4079 excesmm
851 4031 944 4080 berlum
952 4030 1055 4088 ‚scilicet
1067 4031 1248 4089 Germanicum,
1259 4047 1288 4081 ac
1298 4033 1352 4081 reli·

304 4105 450 4163 Germanici,
468 4105 591 4155 convictu·
607 4103 728 4169 accepitne
749 4120 799 4169 pre·
851 4121 912 4171 quoe
922 4107 1037 4156 Cenares.

303 4177 362 4225 tium
378 4179 408 4226 ob
423 4194 472 4226 rem
486 4177 650 4244 judicandam,
663 4176 735 4228 ltalia
746 4177 799 4243 pul·
883 4181 906 4228 7.
918 4180 1020 4242 Impetus
1030 4182 1071 4228 itte
1083 4179 1158 4242 tuctu]
1170 4179 1219 4230 Iste
1231 4189 1287 4230 tuus
1298 4180 1348 4230 ani-

302 4265 342 4297 rus
356 4257 428 4312 atque
442 4249 540 4316 ejectus,
550 4251 638 4303 Tiberii
652 4268 706 4300 mox
721 4252 799 4301 edictu
850 4253 882 4302 mi
894 4255 962 4304 ardor
972 4255 1033 4304 bene
1044 4253 1152 4304 merendi
1162 4253 1194 4303 de
1206 4271 1253 4304 me.
