3020 5106
273 318 514 388 TRISTIUM
537 319 628 402 mn.
653 321 722 391 111.
746 321 884 391 ELEG.
908 325 978 392 111.
1101 329 1170 412 M

452 653 701 729 ELEGIA
739 655 815 730 III.

99 869 198 944 Hinc
218 889 323 954 mea,
337 865 376 941 si
393 889 486 942 casu
503 866 663 953 miratio,
682 866 847 965 epistola
864 891 982 966 quere

151 983 327 1058 Alterius
346 981 475 1080 digitis
495 981 639 1081 scripte
651 982 726 1071 sit;
755 1006 856 1082 aeger
872 1007 997 1060 erem:
1036 987 1041 998 '

102 1099 215 1197 AEger
233 1099 275 1172 in
294 1097 479 1173 extremis
498 1097 616 1194 ignoti
634 1081 807 1196 partibus
825 1101 939 1189 orbis,

153 1215 413 1312 incertusque
430 1237 526 1288 meae
545 1235 654 1312 paene
672 1213 804 1306 salutis
822 1239 937 1291 eram.

104 1331 204 1417 Quid
223 1330 319 1406 mihi
339 1355 439 1404 nunc
458 1330 571 1405 animi
584 1330 673 1404 dire
689 1331 842 1428 regione
855 1333 1001 1431 jacenti
1143 1340 1167 1410 5

154 1447 259 1522 Inter
274 1447 527 1521 Sauromates
545 1469 630 1520 esse
641 1445 847 1546 Getasque
865 1449 1003 1548 putes?
1218 1451 1221 1458 “

105 1563 188 1640 Nec
205 1565 348 1638 eoelum
367 1563 502 1661 patior,
521 1587 591 1637 neo
610 1562 719 1660 equis
738 1563 978 1638 adsuevimus
996 1564 1091 1652 istis,

154 1679 351 1777 Terraque
370 1679 499 1753 nescio
517 1703 594 1778 quo
611 1703 686 1754 non
704 1680 832 1778 placet
849 1680 934 1780 ipsa
950 1682 1085 1757 modo:

108 1797 194 1872 Non
210 1799 351 1872 domus
370 1806 461 1894 apte
478 1795 570 1870 satis
585 1824 594 1886 3
608 1819 699 1870 0non
717 1796 779 1870 hio
797 1797 906 1872 cibus
924 1797 1026 1872 utilis
1044 1821 1166 1896 aegr03

159 1913 313 1999 Nullus,
333 1911 537 2010 Apollinea
553 1913 620 2012 qui
639 1914 740 1988 levet
758 1923 838 1989 arte
855 1915 1018 1991 malum:
1124 1921 1169 1990 10

111 2029 196 2104 Non
215 2028 283 2128 qui
302 2028 457 2116 soletur,
477 2051 554 2102 non
573 2029 638 2126 qui
656 2029 824 2104 labentia
839 2031 947 2106 tende

158 2145 351 2245 Tempore
368 2145 553 2221 narrando
569 2143 686 2234 sallat,
707 2147 851 2220 amicus
870 2147 990 2222 adest.

113 2260 251 2336 Lassus
269 2261 310 2334 in
328 2261 509 2335 extremis
523 2263 634 2359 jaceo
652 2262 880 2360 populisque
898 2262 1091 2361 locisque;
1164 2323 1171 2332 .

157 2377 211 2452 -Et
228 2377 336 2452 subit
352 2375 501 2451 adfecto
519 2399 619 2450 nunc
637 2375 741 2464 mihi,
761 2376 948 2476 quidquid
967 2378 1088 2454 abest.

113 2493 251 2569 Omnia
266 2516 387 2592 quum
401 2493 577 2580 subeant,
588 2493 706 2567 vineis
718 2503 847 2567 tomen
861 2493 997 2580 omnia,
1013 2495 1169 2592 conjux,

161 2610 213 2684 Et
230 2611 321 2710 plus
339 2609 378 2682 in
396 2621 525 2685 nostro
544 2620 698 2708 pectore
719 2619 826 2708 parte
843 2618 967 2682 tenes.
1125 2613 1170 2684 16

113 2725 166 2802 Te
182 2728 321 2824 loquor
338 2725 556 2800 absentem:
585 2737 623 2800 te
641 2749 714 2818 vox
731 2747 818 2800 mea
834 2723 1003 2798 nominat
1020 2747 1156 2804 unam:

163 2842 280 2917 Nulla
296 2843 402 2917 venit
419 2842 501 2918 sine
518 2851 556 2916 te
575 2867 652 2916 nox
669 2840 773 2928 mihi,
794 2839 898 2914 nulla
914 2837 1008 2912 dies.

117 2956 217 3043 Quin
235 2959 366 3044 etiam,
385 2958 439 3031 sio
458 2982 520 3032 me
537 2958 670 3031 dicunt
687 2955 811 3031 aliena
827 2955 1008 3043 locutum,

165 3073 219 3150 Ut
236 3073 336 3151 soret
354 3074 496 3150 amenti
514 3098 652 3172 nomen
666 3073 709 3158 ¹in
726 3097 790 3150 ore
807 3083 928 3163 tuum.
1122 3075 1173 3147 20
1241 3065 1245 3078 ’

150 3339 171 3385 l.
188 3337 244 3387 fleo
266 3354 326 3394 m,
347 3339 368 3386 si
387 3337 464 3400 emm]
494 3336 520 3386 Si
536 3341 620 3400 eorpus
670 3354 732 3388 nunc
742 3340 864 3402 animum
881 3335 1100 3400 minuselegenter.

117 3412 194 3478 m'pti
214 3412 317 3478 quidem
340 3421 366 3462 et
386 3412 471 3477 priten
496 3411 620 3462 editiones.
704 3412 742 3460 14.
755 3411 786 3458 Et
796 3411 959 3476 subitodsectu
970 3425 1033 3458 nnnc
1041 3410 1096 3458 mitt
1106 3409 1174 3472 quud·

120 3485 204 3537 nnus.
669 3487 725 3548 quid
738 3486 819 3548 obtul]
842 3485 937 3550 Adsecto
952 3481 1104 3532 scribendum
1119 3497 1175 3532 eun

147 3563 170 3610 3.
187 3561 267 3628 Ignoti
277 3559 363 3624 orbis]
380 3559 495 3624 Scythia,
506 3559 537 3608 ed
548 3574 620 3628 quam
670 3573 718 3608 uno
735 3559 837 3618 codice;
854 3559 928 3626 idque
942 3559 995 3624 jam
1010 3557 1071 3606 vidit
1084 3555 1176 3624 politis·

119 3635 313 3702 perqumpnuci
326 3631 460 3682 accedunt:
478 3642 503 3684 et
518 3633 572 3683 ideo
586 3637 620 3699 tg-
671 3632 745 3682 simus
762 3633 906 3698 Naugerius.
944 3632 1056 3696 Adfectus
1071 3629 1175 3695 greviter

119 3711 277 3760 merbena
287 3706 405 3772 edpsllet.
436 3707 509 3756 Men.
671 3715 805 3770 egroto-nu
832 3705 967 3763 Suetonius.
987 3703 1097 3754 Tiberio:
1126 3704 1174 3754 Ad·

148 3787 171 3832 4.
198 3783 353 3846 incertusque
379 3799 430 3832 mee
453 3799 517 3844 pm
540 3782 622 3830 astutis
663 3782 757 3845 sectum
773 3786 868 3845 reperit,
886 3784 923 3832 ud
943 3792 1018 3830 tanuen
1034 3780 1110 3828 adbuc
1129 3781 1174 3840 rpi-

119 3858 197 3922 erern]
216 3859 310 3908 Versus
322 3865 455 3920 suspectus.
489 3855 579 3920 Huss.
672 3865 770 3904 rameru.
805 3857 895 3906 Herus.

149 3935 172 3981 t.
183 3927 528 3991 Quemmttinuncnsimmn]
541 3926 623 3976 Scribe
707 3931 746 3978 16.
766 3929 796 3980 Et
811 3932 864 3992 plut
878 3933 904 3978 iu
919 3937 993 3977 nostro
1008 3935 1097 3988 pectore
1108 3933 1175 3986 pum

119 4022 172 4058 conr
181 4005 299 4058 leidensi
317 4003 411 4062 codice,
424 4005 487 4060 Quid
496 4005 551 4052 miti
562 4019 624 4052 unane
674 4005 755 4070 unos]
775 4005 834 4054 Plus
848 4019 921 4069 quam
937 4009 1029 4066 partem
1044 4007 1118 4052 tener,
1132 4011 1174 4044 reu

118 4084 200 4132 animi.-
223 4091 294 4144 putu
316 4079 391 4128 etism
412 4094 454 4144 pro
472 4087 539 4140 pruno
556 4075 625 4126 multi
674 4077 821 4143 potissimam
832 4087 923 4144 partem
934 4075 959 4124 in
970 4077 1174 4139 pectoreneote·

119 4165 217 4207 roua.
262 4153 348 4204 Nostri
376 4153 446 4204 embo
474 4153 546 4207 Quem
571 4151 626 4200 nihi
675 4167 726 4202 nes.
762 4152 841 4200 Posr.
