3064 5104
323 365 368 433 ⁷8
617 364 657 430 Ρ.
679 363 844 431 0va
866 363 1081 432 NASONIS

326 541 405 616 Sed
415 539 533 614 semel
543 547 737 614 estcustos
747 539 901 636 longum
912 537 1155 614 redimendus
1166 537 1373 614 inaunum:

376 657 490 754 Saepe
507 653 626 741 dabit,
645 652 792 728 dederit
809 675 906 751 quas
924 654 1055 740 semel,
1074 653 1137 728 ille
1155 677 1302 728 manus.

324 772 492 858 Questus
510 793 613 844 eram
631 769 819 866 (memini)
837 769 1062 844 metuendos
1080 792 1166 844 esse
1183 771 1358 845 sodales:

375 887 464 962 Non
481 887 602 984 tangit
620 887 720 961 solos
731 887 812 960 ista
825 887 980 986 querela
995 885 1107 960 viros.
1231 958 1235 966 ,
1299 889 1375 960 660

323 1003 491 1078 Credula
507 1003 539 1076 si
557 1001 683 1089 fueris,
704 1002 786 1076 alioe
803 1013 870 1077 tua
887 1002 1026 1100 gaudia
1042 1010 1220 1101 carpent3

373 1118 425 1192 Et
441 1119 550 1218 lepus
568 1117 636 1192 hic
648 1117 730 1191 aliis
749 1118 1000 1214 exagitandus
1018 1117 1101 1191 erit.

323 1235 417 1310 Haec
436 1256 601 1332 quoque,
616 1255 703 1332 quae
721 1235 867 1332 praebet
881 1233 1022 1307 lectum
1039 1231 1211 1306 studiosa
1226 1232 1370 1305 locum-

370 1349 496 1425 Crede
513 1347 618 1435 mihi,
637 1371 789 1424 mecum
807 1371 883 1421 ιιοιι
901 1348 1019 1422 semel
1037 1347 1102 1420 illa
1117 1345 1203 1420 fuit.
1251 1347 1368 1445 [que;

321 1465 404 1541 Nec
422 1463 579 1539 nimium
595 1462 702 1537 vobis
720 1461 885 1536 formosa
902 1461 1039 1536 ancilla
1054 1460 1265 1537 ministret:
1295 1465 1370 1536 665

370 1582 483 1680 Soepe
499 1579 622 1654 vicem
638 1577 802 1652 dominae
817 1576 995 1677 praestitit
1011 1576 1076 1650 illa
1093 1575 1198 1649 mihi.

317 1695 519 1800 Quoyferor
532 1693 705 1781 insanus3
729 1690 823 1791 quid
840 1701 971 1790 aperto
989 1700 1143 1791 pectore
1160 1689 1200 1764 in
1217 1690 1368 1766 bostem

369 1809 504 1898 Nitor3
533 1817 573 1882 et
590 1806 730 1881 indicio
748 1807 886 1905 prodor
902 1808 951 1882 ab
968 1805 1051 1906 ipse
1069 1805 1180 1880 meo?
1342 1799 1345 1804 “

318 1925 406 2001 Νοιι
424 1923 502 1999 avis
521 1921 731 2020 aucupibus
749 1933 947 2009 monstrat,
967 1923 1046 2020 qud
1064 1927 1173 2022 parte
1190 1928 1364 2020 petatur:

366 2038 404 2114 N
406 2064 455 2114 οιι
473 2040 587 2113 docet
603 2037 759 2112 infestas
777 2059 926 2112 currere
943 2059 1056 2112 cerva
1071 2059 1199 2110 cenes.
1291 2039 1366 2110 670

314 2155 462 2231 Viderit
479 2153 621 2228 utilitas
636 2179 646 2241 ;
676 2163 867 2252 praecepta
883 2151 1045 2227 fideliter
1062 2150 1185 2226 edam.

365 2269 555 2347 Lemniasi
573 2268 719 2367 gladios
738 2269 777 2342 in
795 2291 881 2343 mea
897 2268 975 2343 fata
992 2268 1104 2341 dabo.

203 2391 209 2398 '
314 2385 463 2462 Efficite
481 2386 537 2482 (et
555 2383 664 2459 facile
681 2381 758 2479 est)
776 2393 819 2457 ut
835 2406 904 2457 nos
921 2381 1120 2457 credamus
1138 2380 1255 2455 amari
1270 2406 1280 2455 τ

362 2501 490 2576 Prona
504 2500 607 2575 venit
624 2499 773 2600 cupidis
784 2499 822 2573 in
841 2523 910 2574 sua
926 2509 1016 2574 vota
1032 2498 1139 2572 fides.
1321 2499 1324 2508 '

311 2616 471 2718 Spectet
487 2615 686 2691 amabilius
699 2617 900 2713 juvenem
929 2613 1093 2713 suspiret
1110 2613 1159 2686 ab
1177 2612 1253 2685 imo
1285 2615 1359 2686 675

362 2731 535 2820 Femina;
564 2743 641 2805 tam
660 2731 825 2806 serdcur
842 2729 1044 2828 veniatque
1062 2737 1181 2825 roget.

310 2847 508 2922 Accedant
524 2847 701 2935 lacrimoe,
722 2847 828 2920 dolor
845 2846 950 2921 etde
967 2845 1102 2945 pellice
1120 2843 1256 2918 lictus:

362 2959 414 3032 Et
430 2961 547 3035 laniet
562 2961 692 3056 digitis
710 2960 810 3035 illius
828 2985 894 3036 ora
912 2962 1005 3036 suis.
1088 3051 1095 3062 ι

343 3225 402 3274 663.
427 3225 483 3280 Qua
501 3227 585 3288 probet
606 3227 688 3274 loetum
708 3229 808 3278 studim
891 3231 948 3280 677.
966 3229 1307 3293 Dolonaetdcpelliccfictut]
1321 3229 1360 3280 D·

310 3290 447 3362 Μῐψο]
459 3296 582 3360 Quicquid
589 3314 631 3362 pro
639 3297 736 3363 vulgtta
744 3307 808 3350 sunt
858 3301 948 3354 Pelliee
958 3303 1065 3368 intellige
1072 3321 1121 3354 uon
1129 3302 1217 3360 mariti,
1225 3310 1253 3352 ut
1263 3303 1362 3352 Meua

310 3370 364 3420 libri
375 3378 473 3428 vetem,
486 3367 563 3417 scribe
572 3385 578 3415 =
857 3389 974 3441 exponen
984 3377 1085 3435 videtur,
1095 3378 1138 3427 nd
1151 3376 1273 3433 amatoris,
1284 3391 1362 3441 coque

345 3443 391 3491 cu
405 3443 487 3506 prebet
505 3443 589 3490 lectum
609 3443 709 3492 uuum
724 3445 808 3494 locum
858 3447 953 3497 edditur
961 3457 986 3499 et
992 3451 1073 3514 fiam,
1084 3458 1110 3499 et
1120 3465 1184 3506 mox,
1197 3451 1269 3498 laniet
1281 3451 1362 3515 digitis

449 3531 503 3578 pue.
592 3583 598 3596 .
858 3521 922 3569 iltius
938 3538 978 3572 cru
992 3527 1048 3580 suu,
1063 3523 1132 3589 quasi
1148 3539 1202 3590 que
1220 3521 1291 3574 illum
1308 3539 1361 3572 sus-

310 3585 494 3651 v0lsomqm.
522 3585 611 3649 Tingit
621 3583 703 3634 violati
713 3587 808 3654 hospitii
858 3595 1175 3658 pessinuntensium.
1201 3595 1362 3646 Sedsilictus

310 3657 469 3722 sacrilegium.
485 3658 576 3707 Huius.
602 3657 809 3722 vugmonet
857 3663 1359 3736 illedolonitnptetegendusmppn·

310 3729 476 3782 sollicitanda:
493 3729 537 3778 ille
551 3728 636 3786 mist,
651 3729 682 3778 ud
697 3746 768 3796 qum
782 3743 809 3784 ut
857 3745 908 3786 rect
921 3737 1048 3798 simulatio,
1065 3749 1091 3790 et
1107 3757 1150 3791 cur
1167 3757 1215 3792 nou
1232 3759 1314 3793 verum
1330 3743 1361 3794 de

310 3819 399 3870 ugrum
409 3802 509 3852 invisere
523 3801 614 3850 solebit
624 3817 685 3859 meu.
696 3811 723 3852 ut
732 3805 808 3856 virum
857 3808 944 3873 pellice
950 3812 1061 3862 auctoris
1071 3814 1108 3863 sui
1115 3813 1220 3864 dolorem
1229 3817 1360 3883 prulenet,

310 3881 411 3932 sellem,
426 3885 451 3924 et
466 3889 520 3941 que
538 3874 627 3923 lectum
642 3882 667 3923 st
681 3875 761 3925 locum
775 3879 808 3928 ud
858 3895 913 3929 eum
924 3897 1005 3934 revere
1014 3901 1062 3935 nou
1073 3897 1153 3938 ment
1166 3869 1254 3954 psius
1266 3891 1298 3942 ab
1313 3891 1362 3940 eliu

311 3960 403 4004 nusum
416 3963 507 3997 umores
522 3946 611 4011 prebet
625 3953 649 3995 et
665 3949 807 4008 commodat,
857 3955 931 4003 teneri
944 3973 1012 4007 mum
1029 3965 1177 4010 umntureml
1192 3965 1287 4030 egregie
1304 3981 1362 4031 ergo

310 4035 419 4090 utsupra
427 4023 484 4072 641.
497 4019 567 4076 dixit.
578 4033 641 4083 sepe
651 4035 744 4070 mecum
754 4023 808 4080 suit,
858 4025 982 4077 Palatinus
991 4039 1017 4079 et
1025 4041 1126 4096 quatuor
1137 4034 1190 4085 dii:

309 4109 335 4155 ει
348 4113 396 4156 pon
411 4095 488 4145 officio
505 4101 606 4148 tuntum.
618 4091 659 4140 sed
673 4103 698 4144 et
712 4109 809 4161 corpore
891 4101 1007 4151 Accedunt
1016 4107 1123 4167 herim,
1132 4112 1362 4178 dolor‚ctdepelliu

310 4172 410 4246 placuit.
441 4171 530 4220 Bun.
896 4209 901 4224 .
924 4184 1020 4238 wut-
1235 4185 1328 4237 Βιιιιιι.
