2982 5118
239 403 313 470 EX
336 401 499 470 ΡΟΝΤΟ
522 401 613 468 LIB.
637 399 709 466 III.
732 400 878 468 EPIST.
900 401 973 470 IX.
1062 407 1129 472 479

84 577 185 653 Laeta
200 578 279 654 lere
297 578 407 651 laetus
425 575 566 665 cecini;
596 599 692 650 cano
710 576 833 652 tristia
849 576 989 653 tristis:
1078 585 1128 654 35

131 695 371 769 Conveniens
388 692 492 791 operi
510 704 660 792 tempus
675 704 878 792 utrumque
896 719 965 772 suo
982 708 1051 769 est.

83 810 194 898 Quid,
213 809 286 886 nisi
303 809 352 884 dc
369 809 459 882 vitio
478 809 649 882 scribam·
659 809 822 905 regionis
838 811 998 888 amarer

131 926 263 1024 thue
282 926 362 1000 solo
380 924 516 1000 moriar
535 925 804 1012 commodiore,
824 927 980 1026 precer?

83 1040 206 1125 Quum
223 1043 338 1118 toties
356 1042 491 1116 eadem
509 1041 646 1130 dicam,
662 1042 726 1118 vix
741 1044 871 1117 audior
890 1042 977 1132 ulli;

128 1153 333 1255 Verbaque
351 1156 522 1256 prosectu
540 1156 779 1232 dissimulata
795 1169 939 1233 carent.
1081 1165 1131 1234 40

82 1269 132 1346 Et
156 1285 286 1348 tamen
311 1271 392 1347 haec
419 1273 553 1350 cadem
580 1296 698 1370 quum
725 1273 812 1363 sint,
831 1300 906 1350 non
933 1274 1130 1349 scribimus

228 1389 371 1464 isdem·

132 1505 299 1602 Unaque
318 1502 527 1602 perplures
545 1528 619 1577 vox
638 1528 724 1580 mea
740 1515 862 1580 tentat
878 1529 1002 1604 opem.

82 1623 153 1708 An,
173 1647 221 1696 ne
241 1620 303 1694 bis
322 1644 475 1695 sensum
492 1619 611 1722 lector
628 1619 808 1720 reperiret
824 1621 998 1709 eundem,

132 1740 241 1814 Unus
261 1738 479 1825 amicorum,
501 1737 632 1825 Brute,
649 1739 837 1835 rogandus
856 1741 962 1813 eratl

84 1855 168 1930 Non
185 1855 258 1928 fuit
275 1854 346 1928 hoc
364 1853 480 1942 tanti;
509 1853 684 1929 confesso
702 1854 899 1953 ignoscite,
918 1857 1041 1932 docti:
1079 1863 1128 1932 45

130 1973 251 2046 Vilior
269 1981 328 2045 est
345 1969 467 2070 operis
485 1969 586 2044 fama
603 1972 723 2046 salute
741 1997 838 2046 mea.

82 2087 259 2186 Denique
277 2087 456 2172 materioe,
475 2109 591 2184 quam
608 2087 694 2184 quis
713 2087 785 2161 sibi
804 2087 980 2164 finxerit
971 2059 1067 2188 1pse,

130 2205 298 2279 Arbitrio
315 2204 434 2279 variat
451 2204 571 2278 multa
588 2214 701 2303 poeta
717 2229 798 2279 suo

83 2321 194 2397 Musa
205 2345 293 2396 mea
303 2331 362 2396 est
376 2320 492 2396 index
505 2321 662 2394 nimium
672 2344 827 2419 quoque
836 2344 923 2394 vera
933 2324 1128 2412 malorum,

129 2437 261 2534 Atque
279 2436 504 2536 incorruptae
522 2437 689 2536 pondera
703 2436 810 2511 testis
828 2437 956 2512 habet.
1080 2444 1130 2514 50

82 2551 163 2627 Nec
180 2551 280 2626 liber
297 2561 339 2626 ut
355 2551 473 2639 fieret,
492 2553 561 2626 sed
580 2551 634 2624 uti
653 2576 721 2625 sua
738 2551 876 2650 cuique
894 2552 1045 2629 daretur

128 2665 269 2755 Libera,
288 2666 522 2765 propositum
540 2691 707 2765 curaque
724 2679 854 2742 nostra
870 2667 951 2743 fuit.

79 2783 287 2859 Postmodo
304 2785 495 2872 collectas,
515 2797 720 2882 utcumque
745 2785 827 2860 sine
845 2786 986 2874 ordine,
1002 2788 1126 2884 junxi,

128 2899 212 2979 Hoc
230 2925 328 3000 opus
343 2901 505 2976 electum
520 2925 567 2976 ne
585 2900 676 2976 mihi
691 2899 785 2976 forre
800 2913 925 3000 putes.

80 3015 139 3091 Da
154 3016 307 3092 veniam
324 3018 489 3116 scriptis,
508 3042 668 3116 quorum
684 3042 761 3094 non
777 3019 896 3115 gloria
911 3018 1020 3094 nobis
1077 3021 1126 3094 55

129 3134 273 3220 Causa,
292 3134 360 3212 sed
377 3135 519 3214 utilitas
538 3135 789 3233 officiumque,
808 3135 890 3210 fuit.

107 3353 146 3401 40.
160 3353 233 3400 Verba
245 3353 407 3416 dissimulato]
425 3354 507 3403 Verbo
517 3370 579 3412 rnen,
630 3354 703 3404 etiam
722 3353 859 3419 praesidium
885 3352 1028 3418 confugere?
1055 3349 1129 3416 idque

76 3441 127 3489 qun
142 3425 215 3475 enrici
226 3423 393 3474 dissimulant:
412 3436 437 3475 et
453 3427 581 3477 ostendunt
629 3427 690 3477 hanc
703 3429 735 3477 ob
750 3443 856 3484 causam,
869 3443 899 3477 nc
913 3427 972 3476 mihi
979 3426 1129 3493 objiceretur,

76 3507 180 3548 autnon
200 3498 321 3563 accepisse
343 3497 424 3548 literas
445 3517 519 3557 meas,
538 3511 581 3550 sut
629 3501 693 3568 quod
715 3501 779 3551 idem
798 3517 879 3550 sensus
896 3501 1010 3567 reperitur
1026 3500 1052 3550 in
1069 3500 1130 3550 meis

76 3574 146 3623 verbs
163 3588 220 3622 mos
237 3587 286 3620 non
304 3571 460 3623 intellexisse.
495 3575 581 3626 Carens
630 3575 784 3626 carminibus.
817 3577 914 3626 blicis.

74 3649 186 3714 prosectu.
223 3646 291 3706 Quia
315 3646 375 3696 nibil
401 3648 459 3697 milui
489 3649 580 3716 prolici-
662 3651 703 3700 49.
728 3651 770 3700 Est
788 3653 885 3700 nimium
902 3667 957 3700 uero
973 3654 1040 3700 indas
1058 3652 1129 3699 mulo·

77 3731 120 3771 rur.
630 3724 704 3790 vum]
723 3723 803 3773 Nimis
818 3740 872 3775 vere
889 3725 954 3774 mrln
970 3739 1023 3774 men
1039 3722 1131 3774 'indicas

108 3798 148 3846 4³.
165 3797 237 3846 Anne
248 3795 438 3860 minimum]
457 3797 495 3846 An
510 3799 582 3848 nullis
630 3799 769 3864 elesponit.

74 3887 159 3920 mcum
180 3878 276 3921 veteres
299 3869 381 3934 mojori
398 3887 428 3918 er
449 3879 532 3936 partu
555 3882 580 3923 et
662 3873 702 3921 56.
719 3873 763 3922 Sul
773 3873 888 3936 utililas]
908 3873 972 3931 Quia
982 3886 1062 3936 scripsi
1073 3885 1127 3919 cnm

76 3955 144 3996 recu.
155 3945 256 3994 Hsms.
272 3943 359 4014 Sensus
368 3951 413 4000 est,
420 3945 529 4002 oBruts,
535 3945 578 3995 de·
629 3946 778 4002 memsam,
790 3944 1060 3996 utscribsndoreditum
1074 3959 1128 4007 pro·

74 4019 142 4069 buine
162 4027 259 4069 lantum
277 4009 351 4086 unum
368 4017 470 4068 amicum
488 4034 579 4084 rogare,
629 4035 744 4069 curarem.
778 4020 894 4084 Officium.
924 4020 991 4070 Elul
1005 4032 1128 4068 rurenses

73 4103 98 4143 ut
104 4093 163 4144 mibi
170 4091 341 4160 opitularetur,
347 4107 391 4142 nec
399 4091 430 4142 sd
440 4099 578 4146 octaorum
629 4093 731 4145 lacerem
742 4093 806 4159 quod
817 4093 901 4144 debeo.
