2982 5118
247 373 321 439 EX
344 369 505 440 Ponto
529 372 622 438 LIB.
646 370 709 438 1v.
734 369 880 438 aelst.
904 369 1009 478 Vlll.
1088 369 1153 440 508

107 547 167 620 Sic
187 545 333 636 Chaos,
352 571 401 624 ex
417 547 482 622 illa
498 556 641 622 natura
659 547 760 646 mole
778 547 923 646 prioris,

153 661 359 758 Digestum
376 672 503 763 partes
521 662 663 737 seimus
680 663 821 738 habere
839 686 947 738 suas:

107 777 168 851 Sic
186 777 423 854 adfectantes
440 776 612 852 eoelestia
629 801 749 874 regna
766 777 963 876 Gigantes,

152 894 214 968 Ad
235 894 360 992 Styga
375 892 574 967 nimbifero
591 891 753 968 vindicis
770 893 858 988 igne
879 893 1003 968 datos.
1105 899 1153 969 60

107 1010 169 1084 Sic
186 1010 310 1086 victor
323 1010 474 1084 leudem
492 1007 679 1108 superatis
698 1007 812 1084 Liber
828 1008 876 1082 ab
895 1007 1016 1097 Indis,

152 1125 313 1200 Alcides
331 1135 443 1224 capta
461 1123 578 1198 traxit
595 1123 644 1196 ab
659 1122 844 1198 OEehalio.

107 1241 155 1315 Et
172 1240 301 1328 modo,
318 1239 460 1327 Oaesar,
474 1263 597 1326 avum,
608 1263 725 1337 quem
737 1239 854 1313 virtus
869 1239 1016 1316 addidit
1027 1242 1151 1330 astris,

156 1357 365 1431 Sacramnt
381 1355 508 1454 aliqua
524 1353 691 1430 earmina
707 1365 814 1453 parte
832 1365 952 1430 tuum.

108 1473 260 1571 Siquid
280 1473 403 1547 adhuc
421 1472 535 1568 igitur
551 1471 637 1558 vivi,
658 1470 896 1560 Germanice,
915 1481 1041 1548 nostro
1102 1477 1151 1570 65

156 1589 295 1663 Restat
312 1589 352 1662 in
368 1586 532 1683 ingenio,
551 1586 689 1662 serviet
705 1611 817 1662 omne
833 1587 914 1664 tibi.

108 1703 193 1778 Non
212 1715 322 1803 potes
340 1704 503 1777 officium
520 1703 616 1777 vatis
632 1713 873 1778 contemnere
891 1713 1017 1784 vates:

154 1820 177 1893 J
180 1821 311 1894 udicio
326 1820 488 1919 pretium
506 1843 566 1894 res
582 1820 697 1894 habet
714 1821 787 1894 ista
803 1831 882 1895 tuo.

110 1937 220 2023 Quod
238 1937 366 2012 uisite
379 1961 519 2011 numen
537 1946 683 2011 tanturn
700 1936 750 2012 ad
767 1939 910 2035 majora
925 1945 1108 2022 vocasset.

157 2053 291 2128 Gloria
308 2051 501 2128 Pieridum
518 2076 668 2128 summa
683 2051 831 2128 futurus
849 2077 944 2129 eras.
1102 2059 1150 2129 70

111 2171 187 2246 Sed
203 2171 296 2245 dare
311 2170 506 2246 materiam
525 2169 646 2258 nobis,
659 2194 774 2269 quam
792 2171 969 2258 carmina,
988 2172 1132 2270 majus:

158 2287 194 2361 N
197 2311 241 2362 ec
261 2297 389 2361 tamen
406 2312 456 2362 ex
473 2297 553 2362 toto
571 2288 744 2364 deserere
762 2288 826 2361 illa
842 2298 965 2387 potes.

109 2403 207 2478 Nam
216 2404 331 2478 modo
340 2403 440 2477 bella
449 2404 562 2501 geris,
570 2405 736 2480 numeris
746 2404 1149 2494 modoverbacoerces,

156 2519 346 2618 Quodque
365 2519 446 2594 aliis
464 2543 559 2619 opus
577 2532 648 2608 est,
667 2520 739 2595 hoc
757 2519 826 2593 tibi
842 2518 954 2594 ludus
973 2519 1055 2594 erit.
1100 2523 1148 2592 74

137 2737 177 2785 oz,
187 2737 223 2784 Al
235 2735 441 2799 OEclnlioeopto.]
460 2733 500 2786 Ab
513 2750 604 2802 expug·
653 2737 678 2787 in
694 2735 776 2804 pretio,
788 2744 829 2785 tuo
843 2735 943 2802 judicio.
970 2735 1017 2785 Res
1032 2738 1086 2784 isto.
1103 2735 1151 2785 Fe·

107 2809 291 2860 nataOEehalis.
314 2809 605 2860 FuiteutemOEclmliain
654 2810 732 2861 cultas
741 2809 842 2876 poetica.

105 2884 237 2942 laetalia,
248 2883 363 2940 Arcadia,
375 2895 400 2933 et
408 2885 510 2936 Enboea.
531 2885 604 2935 Mun.
686 2887 727 2934 Θ.
749 2885 837 2934 Nomen
858 2883 969 2947 warum]
989 2882 1151 2933 Tantalum

107 2961 196 3008 Alcides
216 2968 294 3022 copto.
325 2959 452 3018 Hercules,
475 2961 505 3009 ob
527 2959 605 3018 Iolen,
654 2957 768 3008 vinetum
785 2965 896 3006 tuarum:
912 2955 950 3005 vel
968 2972 1054 3005 nomen
1069 2955 1150 3005 Cnse-

106 3033 189 3097 Euryti
199 3032 275 3081 filiun
285 3031 330 3080 sibi
344 3039 448 3098 pactum,
459 3047 504 3084 nec
514 3033 604 3092 datum,
654 3031 694 3082 ris.
729 3033 830 3081 Vocwt
847 3041 869 3080 te
884 3033 925 3080 ud.
948 3031 1064 3096 Flegisset
1079 3039 1102 3079 te
1118 3029 1150 3080 sd

106 3107 239 3156 inirem
260 3106 403 3162 OEclraliam,
425 3105 478 3174 ipso
502 3123 556 3172 rege
579 3106 605 3157 in
654 3105 788 3172 imperium.

105 3181 223 3230 Euboeam
233 3179 349 3245 fugiente.
361 3179 491 3232 debellavit
506 3191 531 3231 et
539 3195 604 3232 ever·
686 3181 727 3228 70.
740 3179 822 3228 Gloria
833 3179 953 3227 Pieridum
966 3175 1072 3242 summo]
1090 3177 1149 3228 Erus

106 3255 141 3304 tit.
166 3255 248 3305 Ponr.
653 3253 746 3304 iuturus
755 3253 872 3302 maximus
882 3261 960 3316 poeta.

136 3328 224 3378 63.Et
240 3327 338 3390 cam]
356 3326 509 3378 Germanice.
541 3327 606 3388 Quin
686 3326 780 3376 tusas
800 3325 1084 3389 reemendari-nobie]
1101 3325 1149 3376 sed

104 3401 253 3470 ponpeius
266 3409 372 3466 empsim
382 3401 551 3454 Germanicum
562 3401 604 3452 sd·
653 3401 757 3467 prebere
778 3400 854 3466 poetis
872 3399 1012 3450 facultatem
1032 3400 1150 3450 scribendi

104 3474 179 3541 loqui,
191 3485 217 3526 et
232 3473 376 3539 dhreuiom
394 3474 474 3542 eliqua
491 3493 548 3540 urus
565 3477 603 3526 tn·
653 3474 764 3524 derebus
775 3490 825 3524 ese
836 3473 915 3540 gestis.
951 3475 1025 3530 Quom
1039 3479 1150 3525 earmina.

104 3559 163 3608 erat,
173 3565 239 3600 nune
255 3548 287 3598 ed
304 3548 406 3598 eundern
421 3561 550 3600 sermonem
565 3550 602 3600 di·
652 3551 695 3598 Est
709 3548 772 3598 enim
785 3548 880 3615 majoris
895 3548 998 3607 honoris,
1007 3563 1080 3616 quam
1094 3549 1151 3600 scri·

105 3624 168 3689 tigit,
189 3622 318 3674 “tendens
336 3639 362 3672 se
383 3637 478 3689 quoque
499 3626 603 3689 Augusti
651 3622 833 3672 bereearmina.

105 3697 187 3748 laudes
201 3697 307 3748 carmine
322 3699 472 3763 complexum
487 3699 567 3755 fnum,
578 3707 603 3748 et
685 3698 725 3747 72.
737 3697 772 3746 En
784 3697 850 3762 roto]
870 3697 907 3746 Ex
918 3696 981 3746 omni
991 3705 1067 3762 parte.
1101 3694 1148 3743 Do·

105 3762 185 3838 alique
200 3781 270 3838 parte
287 3787 318 3822 eo
333 3773 402 3822 modo
415 3772 484 3824 illum
500 3773 602 3824 donuae
652 3787 724 3820 urere
741 3772 785 3819 illa
799 3781 868 3835 potu.
891 3771 963 3819 Potes
981 3769 1024 3818 illa
1042 3767 1149 3818 camina

105 3847 291 3897 immortalitate.
652 3853 676 3893 et
686 3845 791 3910 poetices
801 3844 905 3895 studium
916 3843 1056 3908 relinquere,
1064 3855 1149 3905 quem·

135 3923 177 3972 67.
196 3919 536 3985 Vates.]'l'uquiesoprimns
546 3935 602 3985 poe·
652 3918 689 3968 vis
715 3919 747 3968 sit
771 3920 845 3985 major
870 3915 1021 3984 imperatorie
1044 3915 1150 3980 digtrim

104 4005 136 4054 tn,
152 3995 218 4063 (fond
236 3994 483 4060 docet-Tranquillus,
498 3993 604 4046 scribens
651 4002 722 4060 poeta
732 3993 793 4059 ipso.

104 4089 157 4122 eum
167 4069 293 4135 reliquiae
303 4069 433 4119 comoedias
440 4069 549 4120 Graean-
684 4067 727 4118 7³.
748 4067 855 4117 numo
875 4067 938 4114 modo
958 4063 1017 4112 belle
1037 4060 1144 4124 mrem]

135 4147 176 4196 68.
185 4145 283 4192 Jedioto
293 4142 353 4206 tuo]
372 4142 407 4191 Te
423 4140 458 4191 ita
470 4143 604 4209 judicante.
655 4137 1034 4206 Verbacooreerpleriqueveteres;
1044 4141 1149 4186 etreote.

106 4219 180 4270 Habet
191 4219 304 4280 pretinm.
328 4217 444 4266 Censetur
459 4226 485 4268 et
502 4216 604 4266 babetur
652 4214 791 4280 Aliquando
807 4213 872 4264 belle
892 4209 1037 4270 intermittis,
1052 4215 1077 4258 et
1097 4221 1149 4257 eer-

750 4287 827 4336 ΚΗ
