3020 5106
283 391 518 460 rlus'rlurr
543 391 633 459 LIB.
658 388 721 458 IV.
746 391 882 462 ELEG.
906 394 955 460 X.
1079 395 1144 462 3⁰1
1212 408 1217 416 '

81 564 235 664 Sponte
249 589 326 640 sua
338 589 490 642 carmen
503 589 679 644 numeros
693 569 868 644 veniebat
882 567 1070 668 adaptem
1093 573 1143 644 25

130 679 198 769 Et,
219 683 334 780 quod
350 683 545 758 tentabam
563 683 703 772 dicere,
721 707 852 758 versus
870 693 963 759 erat.

82 797 254 886 Interea,
277 799 398 874 tacito
416 823 531 898 passu
550 800 765 875 labentibus
783 799 904 886 annis,

131 913 316 989 Liberior
332 914 437 988 fratri
455 925 582 990 sumta
599 913 768 1012 mihique
787 924 877 1011 toga
894 924 974 1005 est;

82 1029 347 1129 induiturque
365 1031 529 1108 humeris
548 1055 635 1106 cum
652 1032 730 1106 lato
749 1053 917 1130 purpura
933 1031 1060 1122 clavo;

131 1146 185 1220 Et
203 1147 383 1221 studium
400 1147 522 1235 nobis,
542 1147 645 1246 quod
663 1145 734 1221 fuit
751 1155 851 1233 ante,
871 1156 1012 1221 manet.
1094 1152 1145 1222 30

83 1260 253 1360 Jamque
272 1263 410 1336 decem
427 1262 513 1336 vitae
530 1262 645 1336 frater
662 1261 919 1358 geminaverat
937 1286 1066 1350 annos,

132 1377 269 1468 Quum
290 1378 403 1478 perit,
423 1390 462 1453 et
479 1375 702 1479 coepi‘parte
720 1401 848 1452 carere
867 1379 954 1452 mei.

86 1493 275 1593 Cepimus
295 1504 337 1570 et
353 1505 493 1570 tenerae
509 1494 650 1592 primos
667 1493 789 1567 aetatis
806 1493 978 1582 honores,

132 1609 250 1708 Eque
268 1609 363 1684 viris
382 1609 573 1707 quondam
591 1632 677 1707 pars
694 1607 815 1683 tribus
834 1633 908 1684 una
924 1608 991 1684 fui.
1027 1613 1030 1620 '

54 1805 56 1812 y
87 1723 202 1800 Curia
219 1724 421 1814 restabat3
450 1724 545 1798 clavi
562 1747 740 1798 mensura
757 1733 890 1799 coacta
901 1735 991 1801 est:
1094 1729 1143 1800 35

132 1838 267 1939 Majus
287 1850 373 1915 erat
390 1839 527 1916 nostris
544 1839 685 1916 viribus
704 1841 797 1915 illud
816 1865 923 1916 onus.

88 1955 121 2028 N
123 1980 166 2032 ec
184 1957 347 2055 patiens
365 1979 514 2054 corpus,
534 1979 605 2030 nec
623 1979 731 2030 mens
748 1955 820 2030 fuit
837 1966 927 2056 apta
943 1957 1074 2044 labori,

133 2073 405 2172 Sollicitaeque
422 2071 538 2170 fugax
555 2072 772 2146 ambitionis
792 2097 916 2148 eram:

89 2187 135 2262 Et
151 2198 290 2289 petere
310 2187 444 2262 Aoniae
462 2187 674 2262 suadebant
691 2196 773 2262 tuta
791 2211 937 2262 sorores
1005 2237 1012 2248 ·

135 2305 240 2394 Otia,
257 2303 411 2403 judicio
428 2326 578 2402 semper
596 2313 721 2379 amata
738 2327 836 2378 meo.
1093 2308 1144 2378 40

118 2596 159 2645 28.
176 2596 287 2645 Liberior
304 2595 383 2662 roga]
401 2594 491 2659 Togata
502 2593 593 2644 virilem
642 2595 701 2644 cuit.
733 2593 797 2644 ilinc
814 2593 917 2644 Ovidius
931 2591 1070 2642 moa'canit
1082 2593 1143 2643 elcut

89 2667 201 2733 designat,
219 2685 299 2735 quarn
321 2667 415 2718 nobiles
433 2667 594 2718 adolescentes
642 2685 748 2719 maara
762 2679 842 2720 coacta
853 2677 894 2725 eat,
908 2667 961 2716 be.
971 2682 1006 2724 se,
1016 2664 1101 2715 omissa
1119 2673 1144 2716 et
1240 2709 1244 2712 .

90 2743 148 2807 apud
162 2744 289 2794 Romanos
300 2743 431 2792 sumebant
443 2741 468 2792 in
479 2741 540 2792 testo
554 2742 594 2790 li·
643 2743 739 2810 abjeeta
756 2757 798 2809 spe
812 2740 934 2806 dignitatis
951 2738 1084 2798 miratorio,
1094 2740 1144 2789 lato

90 2815 134 2864 beri
144 2817 228 2882 patris,
238 2819 271 2868 l6
280 2815 478 2882 Kalend-April.
486 2815 594 2883 deposita
643 2817 713 2866 claro
728 2817 837 2882 deposito
852 2813 1009 2880 angustiorem
1036 2813 1145 2864 ιιιιιιίιιι.

90 2899 208 2953 pretextu.
635 2907 667 2940 u.
678 2891 776 2940 Sueten.
787 2890 850 2954 Aug.
861 2904 883 2938 c.
894 2890 935 2938 ³8.
945 2887 1027 2952 ibique
1038 2887 1144 2938 Csssub.

119 2966 158 3014 29.
181 2966 278 3030 Cleon]
307 2961 452 3024 balinea
469 2958 507 3013 iel
528 2965 594 3030 virga
644 2964 769 3014 Rubenius
779 2963 810 3013 de
823 2963 872 3012 lato
884 2962 953 3012 clavo
961 2961 1003 3010 lib.
1011 2961 1028 3010 i.
1038 2961 1144 3026 capolt.

91 3054 210 3104 purpurea,
224 3055 283 3105 quas
303 3054 347 3104 per
363 3036 466 3087 mediam
483 3037 510 3086 in
527 3046 594 3104 parte
644 3038 757 3087 Hssras.
798 3055 805 3064 ·

91 3113 198 3163 anteriore
209 3115 324 3164 tunicam
339 3127 354 3160 a
369 3126 461 3160 summo
475 3110 506 3159 ad
519 3111 593 3161 imum
676 3114 717 3162 ³³.
735 3113 824 3160 Primos
840 3113 940 3160 ὴοιιιιιι.
978 3109 1143 3174 Magistratus,

91 3183 234 3238 decencia·
250 3189 328 3236 Hane
339 3185 594 3236 Rubeniisententiam
644 3187 685 3251 qui
708 3186 782 3250 primo
802 3183 993 3234 adolescentibus
1009 3183 1142 3233 dabantur:

92 3257 478 3324 tuitusestGrsaviuainpralat.
492 3259 522 3308 ad
537 3267 594 3308 tom.
644 3269 671 3311 ut
691 3259 801 3317 aedilitas,
825 3268 952 3324 questura,
973 3257 1143 3318 triumviratus,
1255 3277 1259 3282 ·
1298 3269 1301 3277 ‘

93 3331 122 3382 ri.
137 3332 245 3384 mensur.
264 3333 346 3398 antiq.
363 3331 470 3381 Rom.et
486 3332 594 3398 probarit
644 3333 772 3398 ceterique
783 3332 825 3398 qui
836 3331 1095 3382 minorandicebantur.

92 3407 176 3458 Gesner
192 3409 224 3458 ad
236 3405 361 3468 Quinctil.
377 3405 456 3455 Instit.
466 3407 533 3456 Orat.
544 3404 595 3454 viii.
677 3409 717 3456 ³4.
741 3407 820 3470 Deque
840 3406 916 3469 oiris.]
941 3405 1100 3456 'triumvirum
1118 3421 1145 3458 aa

93 3483 160 3530 ΗΒ.
173 3492 199 3531 et
212 3483 247 3532 xi.
262 3485 289 3532 3.
310 3483 365 3531 1³0.
382 3479 445 3530 adde
459 3481 549 3530 Ferrar-
563 3479 594 3529 de
644 3480 717 3531 tuisse
737 3479 823 3529 innuit.
861 3479 980 3544 Ceterum
997 3479 1058 3530 rarii
1078 3479 1145 3530 tuere

93 3551 594 3619 revestiariai.13.et.iii.12.sqq.qui
643 3553 715 3620 hujus
733 3551 836 3602 nominis
854 3552 1020 3616 magistratus:
1045 3551 1144 3618 quidam

90 3637 164 3692 tanen
174 3646 189 3680 a
199 3629 320 3680 Rubenio
329 3627 448 3678 dissentit.
472 3628 594 3693 Augustus
644 3629 876 3689 triumuirieaps'tales
886 3626 1035 3684 dicebantur,
1046 3627 1077 3676 de
1088 3627 1142 3692 qui-

91 3718 139 3752 vero
151 3705 234 3754 liberis
250 3719 353 3771 quoque
371 3703 511 3752 Senatorum
529 3701 591 3751 virili
640 3701 686 3750 bus
705 3699 744 3750 bie
761 3700 857 3750 Merula
874 3699 986 3765 exponit;
1007 3699 1048 3750 alii
1067 3717 1142 3750 moac-

91 3783 144 3840 toga
160 3779 237 3828 latum
255 3781 357 3828 clavum
374 3776 495 3834 inducere,
508 3786 533 3827 et
549 3793 590 3826 cu·
642 3777 707 3832 tales,
721 3774 762 3840 qui
773 3773 823 3830 eri,
835 3781 941 3838 argento,
954 3789 1012 3822 auro
1022 3773 1101 3822 flando
1112 3789 1142 3823 ac

92 3851 126 3899 ria
141 3853 254 3904 interesse
268 3851 450 3920 permisitque
464 3852 592 3901 utebantur
643 3847 749 3898 leriuudc
760 3846 866 3912 praelecti
879 3853 960 3894 erant:
973 3845 1014 3896 alii
1025 3849 1142 3903 manent,

92 3939 159 3990 usqae
179 3928 209 3977 ad
229 3943 325 3978 annum
349 3925 428 3976 etatis
449 3924 589 3976 Senatorio:
643 3938 686 3987 per
706 3937 765 3986 quos
786 3928 907 3969 nocturne
928 3919 1056 3968 seditiones
1075 3933 1143 3966 arce-¹

92 4005 141 4048 tunc
153 4001 226 4060 enim,
243 4003 265 4052 ai
281 4000 434 4050 Senatorium
450 3999 591 4064 dignitatem
642 4005 748 4046 rectura
762 3994 862 4051 civibus,
879 4003 903 4042 et
914 3993 983 4058 quies
997 3991 1048 4042 urbi
1061 4007 1143 4041 arra·

91 4071 124 4120 sel
138 4075 236 4136 nouem,
247 4076 289 4128 vel
306 4091 357 4125 nou
370 4083 467 4141 possent
483 4073 591 4140 adsequi,
640 4079 713 4122 retur.
746 4070 795 4119 Alii
812 4067 902 4123 colonia
916 4065 1062 4118 deducendis
1073 4079 1141 4114 crea·

92 4144 188 4212 deposito
200 4151 252 4201 lato
269 4151 353 4206 claro,
368 4149 527 4214 angrutimem
539 4165 590 4198 rur·
641 4148 735 4198 bantur.
746 4145 803 4194 Vid.
815 4141 982 4194 Fenestellam.

92 4233 126 4269 Μ
139 4226 274 4281 mutabant.
295 4231 324 4274 ut
344 4221 468 4287 Verpoort.
481 4223 532 4287 jam
549 4221 591 4270 do-
