2974 5100
354 323 420 390 ³60
635 322 675 388 Ρ.
698 319 859 388 ov1n11
895 319 1112 388 Nasorus‘

358 496 422 570 Sic
439 519 524 570 meo
540 493 732 593 perpetuis
750 493 948 592 liquefiunt
964 505 1118 592 pectora
1133 494 1244 580 curis,

406 610 561 708 Ignibus
579 609 739 684 admotis
757 619 800 682 nt
816 633 912 682 nova
928 633 1014 683 cera
1030 609 1161 708 liquet.

357 727 469 825 Saepe
490 749 621 824 precor
643 733 826 814 mortem;
855 736 1012 800 mortem
1032 749 1185 823 qnoque
1210 725 1390 822 deprecor

404 841 464 915 Ne
475 841 815 916 mcaSarmaticum
826 853 1003 937 contegat
1012 825 1099 914 ossa
1107 841 1242 914 solum.
1260 841 1387 934 [idem

354 957 480 1042 Quum
497 955 611 1044 subit,
631 955 794 1054 Augusti
813 980 897 1054 quoe
916 955 966 1030 sit
983 956 1195 1044 clementia,
1214 956 1328 1030 credo

404 1071 537 1146 Mollia
553 1071 755 1168 naufragiis
773 1071 881 1146 litora
897 1095 1009 1169 posse
1027 1071 1119 1144 dari.
1344 1075 1386 1143 72

354 1188 480 1273 Quum
493 1187 614 1275 video,
630 1210 744 1285 quam
761 1187 836 1260 sint
849 1211 935 1262 mea
950 1186 1027 1260 fata
1044 1185 1203 1272 tenacia,
1218 1183 1383 1282 trangon

406 1305 580 1403 Spesque
597 1303 703 1391 levis,
721 1326 856 1400 magno
873 1303 974 1376 victa
990 1303 1138 1392 timore,
1154 1301 1271 1375 cadit.

353 1417 389 1492 N
392 1443 436 1495 ec
454 1430 580 1494 tamen
597 1419 751 1494 ulterius
769 1417 975 1514 quidquam
993 1441 1160 1516 sperove,
1179 1440 1368 1514 preserve,

404 1535 527 1620 Quam
545 1537 642 1610 male
658 1545 802 1608 mutato
819 1558 931 1632 posse
949 1557 1075 1608 carere
1092 1535 1188 1607 loco.
1341 1536 1385 1605 66

354 1651 434 1725 Aut
449 1653 535 1736 hoo,
553 1661 619 1726 out
635 1650 725 1724 nihil
741 1662 811 1738 est,
831 1674 898 1749 pro
916 1674 976 1724 me
994 1659 1139 1724 tentare
1157 1649 1332 1744 modeste
1349 1667 1354 1689 ⁴

404 1767 536 1840 Gratia
553 1767 656 1863 quod
673 1767 774 1840 salvo
790 1776 916 1840 vestra
932 1767 1074 1865 pudore
1092 1775 1221 1862 queat.

355 1882 525 1980 suscipe,
546 1880 727 1954 Romanae
745 1879 932 1969 facundia,
953 1879 1133 1966 Maxime,
1152 1879 1304 1976 linguae,
1376 1931 1383 1944 .

403 1996 576 2071 Difficilis
593 2021 716 2070 oansae
734 1997 824 2071 mite
842 1996 1102 2095 patrocinium.
1340 1999 1385 2067 70

354 2111 424 2186 Est
443 2113 551 2200 mala,
571 2111 749 2186 confiteor
764 2140 773 2201 ;
802 2111 869 2185 sed
887 2121 925 2184 te
942 2113 1041 2185 bona
1058 2111 1123 2184 liet
1139 2119 1297 2206 agente:

402 2225 519 2302 Lenia
535 2253 602 2326 pro
620 2228 755 2302 misera
771 2225 828 2300 fac
848 2226 959 2298 modo
976 2226 1090 2300 verba
1105 2223 1206 2320 suga.

353 2341 486 2416 Nescit
502 2343 601 2417 enim
621 2343 761 2428 Caesar,
779 2342 949 2439 quamvis
968 2341 1072 2414 Deus
1090 2341 1216 2414 omnia
1233 2340 1342 2424 norit,

402 2457 567 2532 Ultimus
585 2457 645 2532 hic
664 2481 741 2555 qua
757 2457 807 2530 sit
823 2455 1036 2530 conditione
1054 2456 1181 2529 locus:

351 2572 494 2671 Magna
509 2584 639 2647 tenent
656 2573 748 2646 illud
767 2597 888 2646 rerum
906 2572 1098 2645 molimina
1115 2555 1275 2660 nnmen;
1339 2575 1382 2644 75

402 2689 495 2763 Haec
513 2702 573 2765 est
589 2690 733 2764 coelesti
752 2699 903 2787 pectore
921 2713 1011 2761 cura
1028 2688 1158 2760 minor.

353 2805 435 2881 Nec
453 2815 572 2892 vacat,
592 2806 630 2878 in
648 2829 724 2902 qua
741 2803 816 2876 sint
833 2802 946 2902 positi
965 2802 1115 2899 regione
1134 2799 1306 2887 Tomitae,

401 2923 590 3009 Quaerere,
608 2919 765 2994 finitimo
782 2920 845 2992 vix
863 2920 946 2994 loca
962 2932 1051 2993 nota
1069 2919 1199 3006 Getae3

351 3205 398 3272 (sic
418 3222 512 3271 quoque
526 3208 612 3256 anm.
623 3221 670 3256 non
684 3211 795 3269 pruinosa
811 3205 845 3254 uti
894 3205 943 3252 lum
955 3205 1051 3254 verbum
1068 3201 1149 3258 iacies,
1162 3201 1188 3249 ni
1204 3200 1331 3250 torrendis
1345 3200 1384 3248 hr-
1477 3209 1478 3258 ξ

351 3279 460 3344 quadarn
480 3279 568 3330 habent
588 3279 669 3344 editt.)
689 3281 786 3345 elegans
810 3288 847 3328 est
893 3278 943 3326 beri
953 3275 1131 3328 inverecundus.

350 3353 481 3417 epitheton.
514 3353 626 3401 Harum.
926 3353 966 3400 69.
984 3352 1075 3413 Suscipe
1091 3349 1218 3412 Bonnam]
1242 3349 1273 3396 ln
1290 3347 1387 3411 virlgntis

382 3425 424 3472 66.
443 3425 505 3472 Male
518 3427 694 3474 mutuatione.
710 3427 751 3490 qui
770 3437 845 3475 mute·
894 3426 1022 3482 codicibus,
1049 3441 1115 3474 novo
1143 3423 1187 3472 hoc
1208 3424 1300 3486 Elegia
1324 3435 1387 3470 eror-

350 3507 457 3546 turcum
473 3497 519 3546 alio
533 3499 593 3554 loco,
608 3500 759 3564 quantumvis
774 3501 847 3559 malo,
894 3500 959 3548 dium
966 3509 1010 3548 est.
1033 3501 1084 3548 Nos
1092 3495 1303 3546 vetustissimorum
1311 3511 1387 3552 exem-

349 3572 427 3636 legere
444 3571 512 3618 molit
522 3571 644 3628 Heinsius,
660 3580 685 3621 et
698 3583 843 3638 comparate
893 3572 994 3637 plasium
1015 3571 1178 3620 auctoritatem
1202 3585 1285 3618 sumus
1308 3567 1387 3617 secuti.

353 3647 429 3694 Ponto
439 3643 466 3692 ii.
477 3645 501 3692 2.
512 3645 552 3693 96.
562 3645 593 3694 iv.
606 3648 644 3693 lt.
656 3647 678 3694 7.
690 3646 773 3694 laudnt
786 3663 844 3711 quo·
895 3647 985 3694 Hurss.

351 3735 397 3784 que
411 3719 515 3768 Gronov.
533 3719 604 3767 ΟΜ.
618 3718 652 3767 iii.
666 3720 686 3767 l.
719 3719 766 3767 Sed
781 3720 844 3768 idem
926 3721 966 3768 75.
980 3721 1066 3784 Magon
1074 3717 1212 3779 molimina]
1229 3717 1323 3780 Magna
1331 3721 1385 3780 po'n·

351 3809 433 3842 sensns
452 3792 570 3841 enascitur
593 3809 606 3840 e
622 3792 719 3856 vulgata
734 3792 843 3850 lectione,
893 3793 950 3842 dora
959 3793 1016 3858 reip.
1030 3793 1073 3840 hoc
1089 3800 1139 3840 est:
1157 3791 1278 3838 detinetur
1294 3789 1385 3852 Augus·

349 3867 375 3916 in
387 3883 435 3932 qun
445 3865 513 3916 codd.
524 3865 682 3923 consentiunt,
692 3868 750 3915 mols
759 3876 845 3914 mutato
893 3875 932 3916 tus
945 3866 1072 3931 majoribus
1085 3865 1203 3920 oneribus,
1217 3863 1279 3912 adeo
1294 3870 1328 3918 ut,
1342 3877 1385 3925 prae

351 3943 397 3992 loco
408 3943 432 3990 h.
440 3958 462 3991 e.
472 3941 533 3997 loco,
544 3941 600 3990 licet
614 3941 676 3990 male
690 3949 795 3990 mutatus
805 3941 844 3998 sit,
893 3939 987 3989 illorum
1004 3939 1173 4002 magnitudine,
1191 3952 1238 3986 non
1259 3935 1332 4001 possit
1352 3933 1386 3980 liis

350 4014 548 4066 inodorittutior.
580 4017 693 4064 Hannrs.
893 4014 958 4070 locis,
972 4022 997 4062 et
1007 4015 1065 4061 meis
1081 4012 1148 4062 malis
1167 4008 1337 4076 cognoscendis
1348 4023 1385 4055 sa·

382 4091 422 4138 68.
439 4089 506 4138 Solon
520 4089 625 4152 pudore]
643 4089 733 4138 Habita
747 4088 843 4154 pudoris
892 4103 954 4137 care.
987 4086 1052 4136 illud
1068 4103 1159 4136 numen.
1181 4086 1316 4148 Augustum
1334 4082 1384 4130 Cn·
1408 4106 1414 4114 ·

348 4163 446 4214 ratione.
479 4163 553 4222 Quasi
569 4163 641 4221 dicat,
656 4163 686 4213 de
700 4163 777 4214 reditu
790 4163 841 4212 nul·
891 4175 966 4212 saram
976 4160 1042 4210 dicit.
