3064 5104
345 332 495 398 ARTIS
518 329 789 398 AMATORIAE
812 328 902 396 LIB.
927 328 997 396 III.
1161 327 1205 394 57

141 500 385 580 Conveniunt
400 517 541 580 tenuas
558 505 723 604 scapulis
742 504 991 580 analeotrides
1010 501 1118 578 altis:

192 619 375 696 Inflatum
395 623 501 696 eirca
515 621 632 696 fascia
649 633 783 722 pectus
801 632 874 696 eat.
1185 707 1190 720 ⁶

143 729 296 833 Exiguo
308 739 446 835 signet
462 749 574 836 gestu
591 740 860 838 quodcumque
877 738 1092 836 loquetur3¹
1126 737 1202 808 275

191 851 268 926 Oui
286 855 400 952 digiti
418 855 595 954 pingues,
614 865 654 930 et
671 855 804 928 scaber
821 853 958 952 unguis
976 861 1098 926 erunt.

144 965 217 1042 Cui
236 970 365 1066 gravis
384 970 464 1043 oris
483 971 589 1057 odor,
608 991 815 1067 numquam
828 971 961 1067 jejuna
977 969 1175 1066 loquatur3

191 1082 243 1158 Et
260 1109 419 1185 semper
437 1087 562 1184 spatio
580 1087 698 1160 distet
713 1087 762 1159 ab
780 1109 844 1160 ore
862 1084 942 1159 viri.

145 1197 184 1272 Si
202 1203 324 1298 niger,
345 1212 415 1277 aut
433 1203 582 1300 ingens,
601 1210 759 1276 autnon
778 1200 849 1273 erit
866 1199 995 1274 ordine
1013 1207 1124 1272 natus

192 1315 302 1391 Dens
319 1317 405 1404 tibi,
422 1317 580 1392 ridendo
599 1317 766 1392 maxima
783 1315 922 1392 damna
938 1313 1048 1390 laren.
1126 1317 1203 1385 280

145 1428 235 1516 Quis
253 1435 417 1508 credat?
446 1433 600 1508 discunt
616 1432 731 1508 etiam
749 1431 871 1506 ridere
889 1431 1046 1530 puellae:

190 1547 386 1632 Quaeritur
403 1557 525 1647 atque
542 1548 615 1622 illis
632 1548 704 1622 bno
723 1569 877 1645 quoque
897 1559 1003 1645 parte
1021 1547 1148 1624 dacor.

147 1661 226 1738 Sint
243 1664 387 1738 modici
407 1665 541 1752 rictus,
561 1665 637 1738 sint
653 1683 777 1762 parvae
795 1661 985 1761 utrimque
1002 1664 1169 1756 laeunae;
1234 1651 1238 1662 ⁸

190 1777 241 1852 Et
258 1803 438 1858 summos
456 1780 590 1854 dentes
608 1779 686 1852 ima
702 1778 839 1853 labella
855 1789 998 1874 tegant.

144 1891 222 1968 Nec
239 1907 316 1972 sua'
331 1905 523 1994 perpetuo
540 1897 771 1970 contendant
787 1895 851 1968 ilia
867 1895 966 1969 risu:

1124 1903 1198 1974 285

131 2091 133 2095 ,
191 2009 270 2086 Sed
293 2012 376 2087 leva
396 2011 528 2086 neseio
547 2011 640 2108 qnid
657 2009 936 2107 femineumque
954 2023 1100 2086 sonent.

144 2121 222 2212 Est,
242 2149 334 2224 quae
352 2125 789 2226 perverso'distorqueat
806 2149 871 2202 ora
888 2126 1093 2203 cachinno:

190 2240 296 2316 Cum
314 2243 394 2315 risu
413 2243 725 2332 lamentarent,
744 2243 835 2318 flere
853 2255 977 2343 putea.

143 2355 210 2430 llla
222 2369 339 2432 sonat
356 2379 530 2444 raucum,
545 2357 803 2456 quiddamque
821 2359 1021 2434 inamabile
1040 2359 1196 2449 stridat3

191 2471 245 2546 Ut
261 2472 371 2547 rudit
389 2472 442 2548 ad
460 2473 633 2548 scabram
649 2474 770 2572 turpis
788 2475 905 2550 asella
921 2477 1072 2550 molam.
1124 2479 1200 2550 290

142 2767 252 2817 sagum
287 2769 333 2801 nou
360 2753 514 2815 pranulus
542 2755 649 2802 mamb.

142 2825 298 2876 masuras
318 2827 386 2876 miles
412 2825 480 2890 apud
503 2826 650 2876 Petronium.

142 2897 229 2949 limus.

170 2974 227 3022 273.
248 2975 406 3024 Antorides
424 2973 501 3036 oieb]
526 2973 652 3022 Turnebus

142 3045 269 3098 Adversas.
282 3048 326 3097 lib.
336 3049 370 3098 ir.
382 3061 442 3112 cap.
452 3045 520 3094 xxiii.
536 3049 650 3104 omatidan

140 3118 274 3172 bnmualos
281 3121 373 3172 iunias
381 3119 513 3186 legendnm
521 3121 651 3180 contendit,

141 3205 163 3244 et
183 3197 342 3262 reprehendit
363 3196 432 3252 illos,
453 3195 494 3260 qui
514 3197 652 3245 analatida

141 3271 277 3328 emendant,
295 3271 410 3320 Coelinm
429 3269 600 3334 Rbodiginum,
619 3278 653 3328 at,

141 3343 179 3407 qni
189 3344 258 3393 illum
269 3343 394 3410 sequitur,
404 3341 534 3406 Myeillum
544 3351 653 3408 tangens,

141 3418 205 3482 enjus
218 3419 283 3468 bano
300 3418 472 3483 conjecturam
485 3417 601 3482 probabat
617 3425 652 3466 ta-

140 3505 192 3540 naen
203 3491 334 3542 Gruterus.
362 3491 420 3554 Ego
429 3488 461 3536 nd
474 3489 544 3555 Regii
555 3490 652 3548 codicis,

140 3579 209 3613 sacras
227 3575 352 3631 tanquam
374 3562 496 3621 anchorao,
513 3563 653 3628 confugiens

139 3638 287 3704 ronptmm,
295 3641 328 3690 rb
338 3638 521 3698 anolocptrida,
533 3637 652 3702 geminam

140 3711 263 3764 lectionem
281 3713 419 3776 darignare
435 3709 524 3776 opinor,
540 3711 652 3761 videlicet

140 3785 163 3834 in
182 3787 306 3837 masuilio
333 3783 474 3840 codicibus,
493 3787 652 3842 umloetrr‘rlos,

140 3859 190 3909 ἀπὸ
200 3865 244 3911 τοῦ
253 3859 403 3926 &vast-sav
415 3859 528 3924 scripturn
538 3859 619 3916 luisse,
628 3860 653 3908 in

140 3936 262 3995 nonnullis,
278 3935 455 3996 onaleptrirles,
467 3931 573 3983 ἀπὸτοῦ
587 3931 649 3982 ἀνα-

138 4007 274 4072 λαμβάνειν
293 4011 423 4072 chigera,
443 4010 580 4072 restringere
602 4023 649 4056 rno-

139 4095 201 4131 nens.
226 4085 276 4150 Ego
286 4094 388 4137 tamem
397 4083 549 4132 nuolectrides
560 4082 650 4138 malim,

139 4155 199 4218 quod
208 4173 293 4208 earum
303 4157 386 4206 etiam
398 4169 456 4203 usus
463 4156 487 4204 in
496 4156 558 4206 lacto
568 4155 650 4204 luerit.

699 2753 735 2801 ita
751 2761 776 2801 at
793 2749 967 2818 bpoltrsrpllsc.
985 2751 1124 2800 roswilare.
1142 2749 1201 2799 olim

700 2825 1019 2890 relingebammnocleprider.
1029 2823 1083 2873 ἀπὸ
1090 2824 1134 2874 rori
1140 2819 1202 2874 ἀνα-

701 2897 848 2964 κλίπτομαι,
859 2903 982 2949 retrocedit.
998 2899 1046 2956 val,
1056 2899 1202 2950 amclairlsa.

702 2973 794 3024 llsrrrs.
848 3021 852 3026 ,
894 2983 919 3010 ³³·

733 3048 790 3097 274.
806 3048 937 3112 Augustum
947 3040 1118 3111 eirorrmfor'clo
1123 3055 1204 3107 pacm

701 3121 760 3184 sot]
787 3119 879 3184 Regius
898 3121 968 3178 alter,
987 3119 1100 3185 Iustorum
1115 3130 1202 3181 pectus

702 3194 766 3260 qnod
787 3209 870 3244 verum
891 3203 937 3244 ast.
981 3193 1099 3259 Intelligit
1120 3201 1201 3246 autern

703 3267 843 3331 Strophium,
852 3269 915 3333 qnod
927 3269 1144 3331 luctantorpopillus
1151 3272 1201 3318 vin·

703 3344 770 3400 ribot,
782 3353 809 3391 ut
818 3357 872 3390 curn
884 3341 979 3392 Catullo
989 3344 1081 3408 loquar.
1109 3343 1202 3393 Nonius

702 3424 766 3465 certe
778 3417 908 3479 Strophium
916 3418 1098 3483 vocat,fosoinm
1107 3418 1201 3476 brevem,

703 3507 750 3554 qua
756 3491 892 3556 virginalem
898 3493 1040 3555 pupillorum
1048 3500 1156 3540 ramoron
1166 3510 1203 3543 oo-

702 3566 771 3613 lribst.
805 3566 895 3614 Harsa.

735 3641 794 3688 281.
813 3639 912 3689 Discutit
929 3644 1004 3689 rideas
1018 3640 1123 3703 pirella-J
1146 3641 1201 3692 Huc

703 3711 761 3762 forta
772 3712 875 3778 respexit
887 3713 1017 3770 Martialis,
1028 3712 1072 3762 lib.
1083 3713 1110 3762 ii.
1123 3714 1200 3781 Epist.

736 3862 804 3918 ltine,
815 3864 910 3926 sinopis,
918 3881 931 3912 o
940 3865 1018 3928 puello
1028 3866 1087 3920 ride,

735 3936 854 4002 Pelignus,
863 3949 927 3998 puto,
939 3941 1029 3986 ‹liserot
1038 3940 1113 3999 poito.

702 4011 764 4058 Nam
781 4011 832 4076 ipsa
850 4014 929 4069 verba,
943 4029 997 4078 qua
1015 4010 1134 4059 Martialis
1149 4027 1200 4076 pro·

701 4083 775 4140 ducit,
787 4101 818 4132 err
830 4083 953 4149 deperdito
962 4085 1010 4134 alio
1020 4082 1122 4132 Nasonis
1130 4099 1201 4148 opere

701 4157 811 4208 denuntia
821 4175 872 4208 esse
883 4160 923 4208 vix
933 4168 998 4224 puto.
1033 4158 1122 4204 Bosa.
