3006 5122
221 770 443 848 PUBLII
488 767 694 846 OVIDII
739 769 1008 844 NASONIS

448 1043 781 1134 TRISTIUM

390 1314 544 1376 LIBER
577 1313 848 1374 SECUNDUS.
891 1249 899 1276 ¹

520 1583 717 1636 —4—

490 1808 615 1858 ELEGIA
631 1808 748 1860 Uulca.

87 1947 210 2034 Qum
229 1945 321 2022 mihi
337 1946 533 2022 vobiscum
550 1957 622 2034 est,
642 1946 773 2022 infelix
790 1969 892 2035 cura,
911 1948 1042 2036 libelli,

143 2063 305 2161 Ingenio
323 2062 418 2162 perii
436 2063 502 2162 qui
519 2062 634 2136 miser
651 2062 734 2161 ipse
750 2063 863 2138 meo?

89 2179 189 2266 Cur,
200 2180 313 2254 rnodo
325 2179 537 2266 damnatas,
553 2188 696 2278 repeto,
709 2202 795 2253 mea
804 2179 972 2270 crimina,
987 2179 1143 2256 Musas?

142 2295 207 2368 An
224 2295 341 2370 semel
355 2305 418 2369 ¹est
435 2313 586 2394 poenam
603 2296 871 2372 commeruisse
888 2297 1043 2395 parum?

91 2411 277 2486 Carmina
292 2410 475 2498 fecerunt,
494 2422 537 2484 ut
554 2434 615 2485 me
633 2435 861 2508 cognoscere
878 2412 1019 2500 vellent
1120 2417 1143 2485 5

145 2526 285 2600 Omine
303 2549 378 2600 non
396 2525 520 2600 fausto
538 2526 837 2626 feminamque,
858 2551 964 2603 mea:

93 2641 277 2718 Carmina
292 2640 474 2728 feceruut,
494 2653 537 2716 ut
554 2666 614 2716 me
632 2666 832 2740 moresque
850 2652 998 2716 notaret

143 2755 170 2830 J
172 2779 234 2830 arn
251 2756 404 2830 demum
421 2756 501 2830 visa
520 2756 650 2848 Caesar
668 2759 717 2832 ab
735 2756 827 2830 Arte
845 2780 965 2830 meos.

95 2872 221 2947 Deme
237 2872 328 2944 mihi
347 2872 531 2963 studium;
552 2873 640 2947 vitae
655 2897 808 2971 quoque
823 2873 980 2947 crimina
991 2873 1141 2949 demes:

146 2987 360 3087 Acceptum
378 2986 497 3064 refero
514 2990 697 3076 versibus,
717 3014 803 3064 esse
822 3013 977 3064 nocens.
1101 2995 1152 3064 10·

96 3101 182 3177 Hoc
200 3103 364 3203 pretium
381 3127 481 3178 curae
498 3104 814 3203 vigilatorumque
831 3104 1003 3179 laborum

147 3217 353 3320 Cepimus:
381 3221 532 3318 ingenio
550 3245 662 3321 poena
678 3231 828 3320 reperta
845 3245 941 3295 meo.

130 3419 152 3466 l.
169 3417 257 3480 Oura]
276 3417 371 3485 Proprie
382 3418 412 3468 de
422 3420 493 3469 rebus
503 3418 596 3470 carissi·
645 3435 719 3486 poena
739 3419 849 3470 adficere.
870 3417 920 3468 vid.
939 3419 1022 3469 Burm.
1040 3418 1071 3468 ad
1089 3419 1146 3470 Her.

98 3490 142 3540 mis
157 3499 300 3558 usurpatum
317 3491 373 3542 hinc
391 3493 463 3542 etiam
480 3509 522 3559 pro
541 3509 596 3560 poc·
646 3494 671 3544 ii.
683 3497 723 3544 86.

98 3574 168 3623 mate,
177 3565 291 3630 quonism
306 3573 382 3632 poete
395 3584 439 3617 sue
453 3569 557 3617 carmina
568 3583 594 3618 a·
681 3571 719 3618 lo.
738 3569 791 3618 Eae
806 3584 886 3616 noenu
902 3577 938 3617 eat
955 3568 1091 3633 mcismus
1105 3584 1147 3633 pro

99 3647 170 3688 nant
187 3639 262 3688 Mart.
273 3639 289 3688 i.
302 3641 357 3689 loo.
370 3644 393 3690 ᾱ.
411 3641 513 3690 Condere
524 3645 596 3691 υἰετιι-
647 3659 690 3692 suc
697 3652 821 3698 nocentem,
830 3640 909 3706 iuquit
915 3641 1040 3705 Micyllus.
1056 3641 1146 3690 Bunrr.

98 3729 136 3762 m
145 3723 229 3762 rentem
239 3731 280 3776 per
290 3717 373 3764 remla
384 3733 460 3764 curas.
483 3715 597 3768 Hamas.
682 3717 719 3765 ll.
738 3715 788 3764 Hoc
804 3717 904 3777 pretium
920 3715 993 3780 vira]
1014 3715 1082 3763 Cnroe
1096 3729 1146 3762 rcc-

129 3803 168 3836 π.
185 3791 210 3845 5,
221 3789 246 3838 6.
263 3789 314 3838 Ηοι
323 3805 404 3838 versus
414 3789 523 3854 genuina
535 3799 597 3841 note
647 3789 702 3847 tius,
710 3806 765 3840 uem
776 3791 828 3838 vite
838 3797 990 3854 precesserat
997 3787 1070 3855 paulo
1080 3797 1147 3847 ante;

100 3875 144 3910 mn
163 3877 226 3920 ena,
243 3870 311 3929 putat
332 3863 454 3922 Heinsius,
474 3879 518 3914 nec
539 3865 598 3913 mihi
648 3879 726 3930 neque
738 3863 807 3913 aliter
818 3863 910 3912 Bersru.
920 3863 989 3912 liber.
999 3863 1068 3912 Pout.
1081 3862 1105 3909 ii.
1115 3862 1147 3910 iv.

101 3933 200 4000 placeat,
218 3936 365 4002 potissimum
386 3939 416 3988 ro
433 3953 506 3987 menz·
519 3938 598 3989 sonan
652 3937 694 3986 16=

102 4009 176 4060 minus
191 4009 275 4075 putide
291 4010 382 4076 lagare·
393 4027 448 4070 meo,
465 4019 489 4062 et
502 4013 599 4062 referres
675 4011 829 4074 Hocprcrium
838 4011 1075 4061 condulcoratum
1082 4018 1146 4065 erut,-

102 4081 130 4130 cd
140 4086 221 4132 omine.
255 4083 377 4134 Harum:
648 4093 720 4149 atque
733 4083 767 4133 ita
777 4083 827 4149 jam
845 4084 870 4133 in
884 4083 946 4132 notis
960 4081 1009 4130 suis
1025 4095 1091 4128 meus
1103 4095 1146 4145 pa·

132 4157 155 4204 7.
173 4156 295 4224 Nouerca]
312 4159 336 4208 A
350 4168 406 4209 nota
420 4159 525 4210 censoria
536 4176 598 4210 surn-
648 4173 709 4208 nna.
742 4157 830 4206 Harsa.

103 4237 150 4278 tum
166 4227 307 4283 vocabulum
328 4232 407 4282 innuit
425 4232 556 4298 ignominia
575 4242 600 4283 et
630 4225 636 4238 ⁸
