3064 5104
336 300 381 368 Q
629 307 669 374 Ρ.
693 307 854 378 OVIDII
877 313 1091 384 NASONIS

339 476 450 576 Saepe
467 491 595 557 tomen
611 483 767 558 demens
784 487 898 562 stulte
914 486 1050 566 fecisse
1067 491 1216 578 fateris:

386 593 518 694 Teque
534 597 657 674 ferunt
673 600 737 674 irae
754 602 975 699 poenituisse
990 615 1079 680 tnae.

336 713 420 790 Hoc
437 719 552 793 vetui.
578 743 645 794 ros
662 741 753 796 occe
770 730 873 796 vetat
888 723 1077 821 deprenso
1094 723 1216 800 Dione

380 827 547 908 Insidias
564 835 658 922 illos,
678 859 774 934 quos
791 835 879 910 tulit
894 837 989 936 ipse,
1008 839 1100 938 peti.

334 946 417 1022 Nec
435 973 501 1022 vos
518 950 622 1024 rivoli
637 952 795 1050 loqueos
812 951 1022 1051 disponite:
1051 979 1121 1030 nec
1139 979 1205 1030 vos
1299 960 1373 1030 595

229 1065 237 1070 ’
383 1065 559 1166 Excipite
577 1071 714 1142 arcent
732 1067 847 1142 verbo
863 1079 993 1144 notata
1009 1095 1135 1145 menn.

332 1179 412 1256 Ista
427 1183 495 1257 viri
513 1194 668 1282 captent
684 1185 733 1280 (si
747 1186 828 1281 jam
846 1186 1034 1283 captando
1049 1187 1254 1285 putabunt)

379 1295 484 1382 Quos
502 1297 643 1374 faciunt
654 1301 778 1398 justos
796 1301 893 1398 ignis
911 1311 951 1376 et
966 1303 1069 1378 unda
1084 1303 1195 1377 viros.

329 1409 389 1486 En
407 1412 542 1490 iterum
558 1427 699 1491 testor:
727 1417 819 1490 nihil
837 1418 910 1505 htc,
930 1417 1002 1492 nisi
1018 1419 1103 1516 lege
1121 1418 1332 1507 remissum,

378 1527 547 1606 Luditur.
574 1534 613 1608 in
630 1534 767 1608 nostris
784 1534 914 1610 instita
930 1536 1032 1610 nulla
1044 1535 1155 1634 jocis.
1297 1540 1370 1612 600

325 1783 384 1832 bsnt
403 1791 466 1832 ente.
499 1781 563 1832 Nem
584 1789 610 1832 et
627 1782 736 1848 sequenti
754 1799 823 1833 versu
872 1799 947 1850 quere
962 1799 1046 1851 perum
1064 1785 1208 1850 &estquis
1224 1783 1371 1834 retinuissem

324 1857 483 1914 scribendum,
494 1867 521 1906 ut
531 1859 607 1920 pudor
616 1859 823 1914 maurocenos
873 1858 1004 1924 vulgatam,
1015 1875 1069 1925 quse
1083 1867 1120 1908 est
1133 1857 1158 1908 in
1171 1857 1279 1925 piurimis
1295 1859 1368 1926 scrip·

324 1941 347 1980 st
355 1933 438 1994 pudor.
449 1931 513 1997 quod
528 1933 626 1996 scriptos
636 1930 759 1995 editosque
769 1946 823 1997 per·
872 1929 917 1980 tis:

325 2021 407 2070 peren
430 2005 556 2072 occeperit
573 2011 658 2070 preter
679 2004 823 2056 Psuvinnur
972 2006 1013 2056 Vos
1023 2023 1073 2056 eres
1081 2015 1142 2054 cetur
1151 2009 1260 2070 dopmno
1271 2005 1346 2056 Dim

326 2094 408 2129 unum.
434 2079 525 2130 Herus.
556 2078 606 2126 Hoc
626 2079 667 2126 tibi
686 2095 729 2142 pro
744 2079 822 2146 sarto,
905 2079 1003 2129 intutior
1012 2081 1137 2142 itinerum
1148 2081 1347 2141 tutittprr,drre.

325 2152 434 2202 Francos.
452 2160 477 2202 et
492 2161 583 2218 septeni
599 2149 750 2208 elii-Quod
768 2163 822 2203 ants
873 2149 938 2200 Dure
951 2153 1048 2202 inridit:
1063 2153 1118 2202 ιιιιυί
1135 2151 1198 2201 dixit
1209 2151 1291 2202 Fient.
1305 2153 1368 2203 Bec-

324 2229 436 2293 regrum,
452 2228 661 2294 litedmfaciurrt.
693 2227 820 2294 Colligite
870 2225 934 2276 thid.
944 2226 971 2276 ii.
982 2243 1018 2277 ur
1029 2229 1072 2278 62.
1088 2236 1114 2276 et
1124 2225 1279 2276 Muitetii.
1290 2229 1332 2276 ³2.
1343 2235 1368 2278 ct

325 2302 406 2352 fabule
419 2303 515 2359 Noster,
526 2318 579 2368 qus)
595 2300 625 2350 ed
636 2317 685 2350 rem
701 2317 768 2350 suem
785 2302 819 2351 te·
870 2299 937 2350 olibi.
949 2299 1055 2367 nisiquis
1064 2299 1229 2350 ecutiornobis
1239 2301 1367 2350 sensumin

324 2386 418 2426 nerent:
436 2376 478 2426 sed
490 2377 560 2439 longe
572 2373 619 2424 elis
635 2389 702 2424 mens
717 2373 820 2425 Homero
870 2374 1000 2426 Heinsiens
1009 2375 1111 2425 lectione
1121 2375 1203 2424 rident
1212 2374 1367 2442 entissptunr.

322 2449 375 2508 fuit,
384 2465 458 2515 quum
468 2448 527 2500 teliu
537 2455 663 2499 eruentem
673 2447 737 2514 spud
748 2448 819 2498 Pire-
869 2449 894 2498 in
905 2449 1053 2500 unoHeinsii
1063 2450 1145 2500 codice
1155 2458 1215 2508 eret,
1222 2466 1262 2498 ιιι
1272 2467 1321 2500 wer
1330 2467 1367 2499 ne·

322 2539 379 2574 ecus
394 2523 558 2574 Demodocnnr
573 2519 713 2584 induceret,
730 2538 786 2572 nnrn
798 2523 819 2573 si
869 2531 904 2572 tut
912 2525 971 2586 pati.
986 2523 1050 2589 quod
1064 2531 1143 2590 posset
1154 2523 1218 2579 ferri,
1228 2531 1256 2572 nt
1267 2521 1367 2574 Ovidius

322 2596 441 2647 Atheneo
451 2595 517 2655 fides,
527 2595 580 2647 inno
594 2595 819 2662 superinsutas
868 2613 894 2647 se
910 2613 1005 2664 quoqne
1016 2612 1072 2648 cnm
1087 2597 1149 2656 eliis,
1159 2605 1186 2648 ut
1197 2597 1280 2648 olienis
1290 2597 1367 2648 thule·

263 2667 266 2676 ’
322 2672 392 2738 πρό
407 2672 496 2728 Φαίαξι
513 2669 652 2738 Δημόδοκος
667 2669 720 2721 riost
730 2669 820 2736 Ἀριος
868 2671 913 2720 ιιιίι
933 2671 1079 2728 insidiantes,
1100 2670 1208 2728 inducet,
1226 2686 1286 2735 quos
1300 2679 1367 2720 vetet

321 2745 363 2794 sni
376 2743 521 2811 Ἀφροδίτης
534 2743 679 2803 συνουσίαν,
691 2745 720 2794 od
736 2743 774 2794 διὰ
789 2747 817 2795 τὸ
868 2743 952 2794 Venus
968 2743 1123 2810 deprehendi.
1157 2743 1257 2792 inridier
1271 2745 1326 2801 etti,
1342 2764 1366 2808 q.

322 2817 487 2884 ἀποδέχεσθαι
498 2820 528 2869 τὸ
539 2821 652 2870 τοιοῦτον
663 2818 750 2877 πάθος,
761 2818 818 2868 ἀλλ’
868 2828 888 2867 t.
909 2822 928 2867 ι’.
949 2822 1006 2868 dure
1026 2817 1171 2869 Buuotni.
1198 2818 1271 2874 etiem
1296 2820 1367 2868 bene.

321 2891 473 2960 dsrorpim
488 2893 578 2952 adroic
595 2893 749 2958 παρανόμων
767 2891 818 2958 opt·
867 2894 958 2942 Bonus.

321 2967 392 3025 ῑιιιν,
406 2963 474 3025 «tter
487 2965 515 3016 iv
528 2969 637 3032 τρυφιρῷ
652 2983 702 3016 τινι
715 2965 764 3030 βίῳ
779 2983 817 3016 τε·
899 2968 957 3016 598.
974 2965 1214 3032 ΟιιιιῘιιιιιιιιΜω
1223 2969 1311 3032 igrrirrt
1320 2986 1365 3018 ιιιι-

319 3039 817 3108 θραμμὲνοιις,ιᾴντιῡθινδμοι6ιατιιιιῑς
866 3043 898 3089 du
915 3040 999 3104 circu]
1021 3041 1064 3089 rar
1083 3055 1165 3090 ausus
1181 3041 1267 3106 poeto,
1284 3041 1366 3092 litem

320 3115 420 3180 τρόποις
437 3115 522 3165 αὑτῦν
541 3115 574 3164 rd
590 3115 655 3179 πρὸς
670 3111 816 3164 ἀνάπαυσιν
865 3123 1005 3173 nmntonrm,
1023 3114 1043 3163 si
1059 3115 1237 3181 intercipiendo
1252 3115 1313 3165 ndeo
1329 3117 1364 3166 ri·

319 3187 455 3257 προφὶρυν.
476 3187 548 3248 Quod
559 3203 588 3237 ex
600 3187 657 3253 ipsis
671 3195 747 3254 poete
764 3203 815 3236 ver·
865 3188 959 3247 dentur,
970 3188 1122 3255 intercipiant
1133 3188 1180 3246 ilii,
1192 3189 1234 3254 qui
1250 3189 1364 3240 sosibius

318 3263 356 3314 bis
376 3261 500 3314 manifeste
521 3269 597 3328 petet,
616 3259 657 3327 qui
677 3261 751 3317 Deos,
772 3260 815 3310 de·
864 3263 919 3329 igne
928 3271 952 3313 et
961 3279 1024 3330 nque
1031 3264 1099 3329 justi,
1106 3264 1152 3313 hoc
1159 3263 1302 3328 estiegitimi
1313 3279 1363 3315 mg.

317 3353 402 3405 prenso
415 3339 495 3388 Marte
508 3333 679 3392 convenere,
693 3349 741 3384 une
756 3349 814 3384 voce
864 3335 902 3386 riti
913 3337 970 3387 secti
985 3345 1048 3395 sunt,
1060 3353 1107 3386 non
1122 3335 1217 3393 rivales,
1228 3346 1270 3385 sut
1279 3337 1363 3388 similis

317 3419 398 3462 nermt
414 3411 573 3460 exclamasse:
596 3407 646 3459 Otr:
659 3406 736 3474 ἀρετᾷ
751 3409 814 3458 rard
863 3409 1014 3462 conditionis.
1047 3411 1159 3461 Solebsnt
1178 3419 1259 3460 eutem
1280 3411 1305 3462 in
1326 3428 1363 3462 so

319 3484 387 3552 ἔργα.
863 3485 982 3536 lemuribus
992 3485 1089 3552 nuptiis,
1096 3485 1183 3551 quibus
1192 3501 1251 3534 uxor
1261 3495 1285 3534 et
1292 3487 1363 3536 meri·

348 3559 405 3608 59³.
425 3557 465 3605 Vos
482 3573 531 3606 erce
546 3565 608 3605 octat
620 3558 728 3619 deprenso
740 3555 815 3606 Dione
864 3558 1013 3624 tuslegitirne
1017 3559 1187 3626 jungebantur,
1193 3558 1362 3625 ignitasque,

316 3632 543 3694 Indomitasque·
550 3633 605 3679 tulit
612 3632 668 3693 ipre,
674 3629 747 3694 pact]
755 3630 813 3680 Sen-
864 3633 981 3692 adhiberi,
1002 3649 1056 3699 quse
1081 3633 1191 3699 utrinque
1218 3647 1318 3698 sponsus
1338 3643 1364 3684 et

313 3722 367 3756 sunr
376 3715 458 3772 sptunr
468 3703 621 3754 utcohnreut
630 3720 685 3754 cunr
695 3704 812 3769 sequenti,
861 3723 923 3756 nors
940 3715 1015 3773 nuptn
1030 3707 1206 3771 contingerent:
1223 3706 1255 3755 ed
1268 3706 1360 3772 signifi-

313 3779 339 3828 in
349 3777 394 3828 boc
404 3777 505 3828 disticho
516 3777 616 3844 requiro.
627 3776 684 3843 quid
693 3777 756 3826 eninr
767 3787 812 3836 est,
862 3779 973 3837 cendum
981 3779 1053 3846 qnod,
1062 3787 1090 3829 ut
1099 3779 1151 3829 hec
1159 3778 1279 3830 ele-ente
1288 3781 1361 3846 potis·

313 3863 376 3902 vetor
392 3869 429 3902 ors
445 3853 540 3900 inridier
556 3853 609 3900 rtur
622 3855 681 3914 peti,
699 3865 753 3900 curn
771 3851 811 3902 hic
861 3856 947 3904 riorum
958 3870 986 3904 nc
996 3853 1099 3904 maxime
1112 3853 1254 3911 necessaria,
1264 3853 1326 3904 inter
1334 3871 1360 3904 se

313 3935 433 3994 precepto
451 3926 493 3975 det
509 3924 574 3982 viris,
592 3940 639 3975 non
653 3923 739 3991 puellis
745 3943 753 3986 5
775 3925 812 3974 di·
861 3927 886 3978 in
906 3943 1031 3978 commune
1051 3935 1188 3994 ungerent:
1216 3927 1252 3976 ite
1269 3939 1360 3979 ceter-ss

312 4001 413 4050 cendunr
424 3997 812 4064 ergoiuissetillesinsidias,quns
860 4019 955 4069 qnoque
982 4019 1019 4052 res
1050 4001 1195 4052 necessarios
1222 4017 1360 4053 communes

313 4073 387 4122 Marti
402 4072 480 4140 posuit
490 4073 622 4128 Vulcanus,
639 4087 681 4121 ros
697 4071 810 4122 rivalibus
859 4073 1062 4126 essenthsbituri.
1095 4075 1193 4124 Mrcsr..

311 4154 336 4196 et
351 4145 434 4198 suricis
450 4145 533 4198 uestris
543 4145 624 4196 Venus
641 4153 706 4196 vetet
722 4146 809 4204 iecere,
