3020 5106
369 377 435 444 eoo
664 373 704 439 Ρ.
727 371 890 438 ovrmr
913 371 1127 465 uasorus

372 549 512 624 Omnia
527 571 615 624 vera
631 559 726 647 puta
742 571 827 622 mea
844 547 1025 622 crimina:
1055 548 1107 622 nil
1125 547 1175 622 sit
1193 549 1232 622 in
1250 549 1337 636 illis,

422 662 534 749 Quod
551 663 671 760 magis
689 685 865 749 errorem,
885 685 1000 760 quam
1019 665 1157 751 scelus,
1176 687 1262 740 esse
1280 675 1407 764 putes.
1496 713 1497 762 p

372 780 580 856 Pendimus
593 803 642 855 en
655 779 816 880 prolirgi,
833 779 930 853 satia
943 790 1010 854 tua
1024 789 1190 877 pectora,
1202 804 1348 880 poenas,
1374 785 1422 853 35
1496 775 1497 784 '

423 896 645 994 Exsilioque
663 919 808 994 graves,
827 895 1030 994 exsiliique
1047 895 1152 970 loco:

372 1011 550 1088 Carnifici
564 1011 713 1087 fortuna
729 1022 858 1111 potest
874 1034 960 1084 mea
976 1010 1104 1086 flenda
1119 1011 1262 1102 videri;

419 1127 619 1204 'letamen
637 1137 789 1202 estune
801 1126 932 1224 judice
950 1137 1087 1200 moesta
1103 1150 1251 1225 parum.

373 1243 515 1319 Saevior
531 1269 574 1319 es
590 1243 688 1318 tristi
706 1241 883 1316 Busiride
897 1270 906 1330 ;
937 1241 1070 1316 saevior
1086 1242 1164 1329 illo,

421 1358 496 1445 Qui
514 1361 650 1435 salsum
667 1361 770 1434 lento
788 1359 923 1432 torruit
940 1358 1028 1455 igne
1045 1358 1204 1446 bovem3
1371 1363 1420 1431 40

371 1474 524 1574 Quique
542 1477 676 1551 bovem
696 1474 827 1548 Siculo
844 1473 963 1549 fertur
979 1472 1142 1548 donasse
1160 1484 1334 1572 tyranno,

422 1589 474 1665 Et
490 1592 602 1666 dietis
621 1601 720 1666 artes
738 1589 960 1665 conciliasse
978 1612 1079 1664 suas.

372 1707 533 1783 Munere
550 1708 589 1782 in
606 1708 690 1793 hoc,
712 1707 811 1794 Rex,
825 1716 1002 1794 estmoe,
1019 1707 1087 1782 sed
1101 1707 1265 1804 imagine
1278 1711 1416 1807 major;

422 1821 458 1896 N
462 1846 505 1897 ec
524 1822 604 1897 sola
620 1831 679 1896 est
696 1821 820 1920 operis
837 1821 956 1896 forma
972 1822 1168 1921 probanda
1187 1823 1283 1898 mei:

371 1937 549 2037 Adspicis
569 1960 592 2010 a
607 1937 745 2011 dextra
761 1937 861 2012 latus
878 1936 950 2011 hoc
967 1938 1178 2036 adapertile
1195 1941 1319 2014 tauri?
1370 1941 1418 2012 45

422 2051 508 2128 Huc
527 2053 609 2141 tibi,
629 2076 744 2151 quem
761 2053 911 2153 perdeS,
930 2053 1191 2151 conjiciendus
1208 2056 1304 2130 erit:

373 2167 551 2243 Protinus
569 2169 757 2243 inclusum
774 2169 886 2243 lentis
904 2169 1132 2244 carbonibus
1148 2194 1215 2245 ure
1231 2197 1240 2260 ;

422 2283 584 2382 Mugiet,
603 2295 643 2359 et
659 2284 735 2358 veri
754 2309 827 2358 vox
845 2286 917 2360 erit
934 2285 998 2360 illa
1014 2285 1144 2360 bovis:

371 2401 448 2476 Pro
465 2402 604 2499 quibus
622 2401 796 2487 inventis,
816 2413 859 2476 ut
875 2427 1013 2477 munus
1030 2427 1186 2478 munere
1204 2427 1353 2502 penses,

423 2517 495 2604 Da,
515 2542 659 2617 precor,
680 2517 831 2615 ingenio
849 2519 1004 2618 praemia
1020 2519 1136 2616 digna
1152 2543 1249 2594 meo.
1269 2551 1272 2558 ¹
1371 2525 1419 2594 50

373 2634 555 2724 Dixerat3
585 2647 624 2709 at
642 2633 836 2712 Phalaris:
865 2659 988 2735 poenae
1005 2636 1174 2710 mirande
1192 2647 1371 2735 repertor,

423 2749 513 2850 lpse
529 2764 637 2826 tuum
655 2776 821 2852 praesens
840 2751 980 2839 imbue,
998 2751 1108 2839 dixit,
1127 2776 1237 2851 opus.

371 3022 454 3056 mones
487 3005 608 3064 Animam,
618 3021 764 3071 qunameo
774 3021 870 3072 corpore
955 3005 1037 3054 Nonne
1046 3006 1102 3070 fuir
1118 3008 1190 3055 utine
1209 3007 1271 3055 nturi
1286 3009 1372 3056 muto
1385 3017 1418 3070 ry·

370 3080 487 3131 ducunt.
985 3095 1069 3136 ranno,

403 3157 445 3205 ³7.
472 3154 604 3217 Cumfiri]
634 3152 804 3202 crudelissimo
828 3155 871 3204 ho-
955 3151 987 3199 m
1003 3169 1093 3218 μω
1110 3155 1136 3200 in
1156 3163 1232 3210 rouro,
1250 3167 1307 3202 reue
1326 3153 1418 3208 Perille,

371 3227 438 3277 mini.
476 3254 478 3260 ·
986 3229 1043 3275 tuo?
1319 3228 1390 3277 Mne.

404 3303 444 3351 39.
461 3301 559 3358 Busiris,
571 3317 611 3349 rex
622 3299 722 3365 Ερμῆ
736 3300 869 3350 crudelissi·
955 3301 997 3350 42.
1016 3301 1048 3350 Er
1060 3303 1128 3350 dictis
1141 3310 1203 3349 aren
1218 3303 1372 3367 wadum]
1390 3302 1420 3350 Et

371 3391 432 3432 mus,
449 3374 554 3440 Neptuni
570 3374 642 3430 lilim,
661 3373 702 3438 qui
721 3373 825 3440 hospites
840 3375 870 3425 ad
922 3376 1000 3426 verbis
1022 3391 1118 3425 ornasse
1142 3389 1229 3424 munus
1252 3383 1327 3442 etque
1351 3376 1420 3426 ertill·

371 3459 437 3498 arem
462 3456 567 3496 mettere
590 3447 690 3503 solebat,
715 3449 745 3497 cb
769 3465 870 3514 eumque
920 3450 984 3499 cium
994 3465 1071 3507 suum,
1080 3448 1189 3514 illudque
1198 3448 1283 3500 iecisse
1292 3451 1420 3517 acceptius

371 3537 478 3572 causum
495 3521 526 3569 eb
537 3521 640 3570 Hercule
651 3535 727 3570 corrue
741 3529 785 3571 eet.
796 3522 872 3588 Apol·
924 3523 1065 3574 Porro—“ll
1086 3523 1156 3590 χάρις
1170 3523 1200 3572 cir
1217 3529 1324 3590 μαερῦν
1340 3526 1420 3590 λόγιον

372 3595 420 3644 lod.
429 3594 455 3643 ii.
466 3598 492 3644 6.
506 3595 545 3643 ll.
563 3594 636 3642 Ouid.
651 3595 752 3644 Metam.
769 3593 803 3646 ix.
815 3597 871 3646 182.
921 3596 997 3649 δεῖται
1012 3599 1099 3648 Nestor
1113 3613 1152 3664 ep.
1165 3595 1248 3662 Eurip.
1263 3599 1353 3648 Trosd.
1367 3599 1417 3648 For·

372 3668 458 3736 Virgil,
474 3669 561 3732 Georg.
578 3667 612 3716 iii.
631 3671 656 3716 5.
674 3675 700 3716 et
716 3667 749 3718 ibi
767 3671 870 3720 Servius.
921 3673 987 3721 mula
1001 3671 1148 3722 conciliandi
1163 3671 1189 3720 in
1210 3672 1290 3722 Plaut.
1308 3673 1378 3723 Truc.
1395 3670 1419 3720 ii.

373 3743 498 3808 Verpoort.
532 3742 645 3791 Hereum.
922 3746 1078 3796 vii.rer.2‘l:

405 3819 445 3866 40.
467 3817 515 3872 Qui
524 3815 616 3881 solcum
634 3819 694 3866 leuto
712 3821 797 3868 torruit
818 3823 871 3886 igru
953 3819 1027 3868 Jurrit
1042 3837 1117 3877 mre,
1136 3830 1163 3868 ut
1183 3821 1228 3868 lree
1245 3829 1317 3886 gruta
1335 3821 1420 3868 halem

372 3891 465 3955 boum]
483 3890 604 3940 Phelerim
619 3891 737 3957 designat,
754 3893 870 3960 Agrigen·
986 3897 1036 3943 riti.

371 3967 473 4016 tinorum
494 3973 636 4030 tyrannum
663 3965 693 4015 de
714 3982 762 4032 quo
782 3967 871 4018 Paulus
953 3970 994 4019 4³.
1012 3969 1110 4016 Munere
1127 3970 1152 4016 in
1167 3969 1216 4024 hoe.
1236 3967 1294 4026 llos,
1312 3979 1345 4017 ert
1362 3983 1419 4020 rous.

372 4040 478 4090 Orosius·
920 4046 957 4092 red
974 4043 1094 4108 imagine]
1113 4043 1173 4090 linc
1189 4051 1245 4090 sunt
1255 4041 1340 4092 Perilli
1351 4042 1419 4090 verbe

404 4115 444 4165 41.
466 4113 555 4174 Quique
575 4115 649 4161 mrum
671 4115 748 4163 Siculo
761 4116 867 4180 sertum]
920 4115 1113 4165 adPlreleridem
1125 4131 1213 4179 regem.

373 4189 486 4236 Perillum
497 4185 570 4234 dicit:
588 4202 644 4237 eum
660 4187 781 4238 crudelem
797 4191 869 4240 sume
953 4192 992 4238 ⁵2.
1005 4189 1107 4253 rm]
1126 4189 1217 4254 incipe.
1236 4188 1347 4238 lmbuere
1358 4187 1417 4236 enirn

373 4263 435 4312 Plin.
446 4261 547 4322 adeeri15
565 4271 589 4310 et
599 4263 705 4329 Propert.
716 4263 740 4313 ii.
752 4265 792 4314 51.
802 4281 844 4328 sq:
920 4271 1028 4328 (auctore
1042 4261 1137 4326 Servio)
1152 4273 1188 4314 est
1203 4261 1297 4328 proprie
1311 4260 1419 4312 inchoare
