2974 5100
346 376 414 444 322
647 373 686 438 Ρ.
710 371 873 440 OVIDII
897 369 1109 438 NASONIS

349 550 467 647 Sique
481 549 585 647 quod
599 549 766 622 instabat
777 546 939 622 domins
952 544 1166 620 miserabile
1180 545 1330 630 vulnus,
1357 548 1402 618 15

398 665 457 739 Sit
474 663 671 764 perfuncta
688 661 782 738 meis
801 673 953 761 tempus
971 661 1010 736 in
1028 683 1139 736 omne
1157 662 1290 736 malis:

346 779 519 879 Quoeque
553 780 655 877 gravi
690 803 811 879 nuper
839 779 926 878 plus
956 801 1072 877 quem
1099 790 1281 878 quassata
1312 801 1401 876 pro·

496 896 593 974 cella
610 908 681 982 est,

396 1010 509 1096 Quod
526 1020 711 1112 superest,
731 1021 856 1084 tutum
874 1032 943 1108 per
959 1032 1062 1085 more
1081 1010 1185 1086 novis
1203 1022 1279 1086 eet.

348 1125 419 1204 Ille
435 1127 561 1215 domo,
582 1137 748 1226 nataque
766 1149 847 1214 suo,
863 1125 1062 1226 patriaque
1079 1126 1246 1204 fruetur:

399 1243 543 1344 Erepto
559 1245 641 1320 haec
660 1244 724 1319 uni
743 1243 793 1318 sit
811 1243 903 1317 setis
921 1268 1007 1318 esse
1024 1243 1129 1318 mihi.
1351 1249 1399 1315 20

346 1359 544 1444 Quatenus
562 1374 603 1436 ct
619 1385 694 1437 non
712 1369 772 1436 est
788 1359 827 1433 in
846 1383 933 1434 caro
951 1361 1113 1457 conjuge
1131 1359 1237 1448 felix,

396 1477 492 1554 Pars
509 1478 595 1554 vitoe
614 1477 711 1552 tristi
730 1487 869 1552 cetere
886 1476 987 1550 nube
1004 1487 1134 1550 vocet:

345 1592 471 1683 Vivat,
483 1604 661 1692 ametque
671 1594 993 1692 virum‚quoniam
1004 1593 1059 1668 sic
1070 1593 1231 1691 cogitur,
1240 1593 1392 1678 absens3

396 1711 722 1809 Consummetque
741 1734 872 1801 annos,
892 1710 959 1784 sed
978 1709 1166 1798 diuturna,
1186 1734 1290 1784 suos.

345 1825 561 1925 Adjicerem
579 1839 618 1901 et
635 1837 803 1902 nostros:
833 1827 901 1902 sed
920 1851 967 1901 ue
985 1825 1162 1922 contegis
1178 1823 1246 1900 leti
1348 1827 1395 1898 2⁵

398 1942 664 2041 corrumpant,
683 1942 811 2030 timeo,
831 1967 927 2042 quos
945 1943 1024 2040 agit
1041 1943 1137 2041 ipse,
1156 1942 1245 2018 mei.

348 2056 413 2130 Nil
431 2057 573 2132 bomini
590 2067 736 2134 certum
754 2070 835 2148 cst;
864 2059 945 2136 fieri
963 2060 1048 2157 quis
1066 2083 1179 2159 posse
1197 2069 1363 2158 putsrct,

397 2173 452 2247 Ut
469 2171 632 2250 lacerem
650 2175 688 2248 in
708 2176 842 2252 mediis
861 2178 943 2252 heo
962 2200 1034 2274 ego
1051 2199 1161 2252 sucre
1178 2175 1313 2252 Getis?

345 2287 526 2388 Adspice,
547 2302 589 2366 ut
605 2314 697 2366 auru
714 2301 842 2368 tumen
859 2289 982 2368 lumos
1000 2316 1021 2367 e
1040 2303 1124 2368 ture
1140 2303 1292 2368 coortos

396 2403 442 2478 In
459 2417 586 2505 partes
604 2404 736 2496 Italas,
757 2419 796 2484 et
813 2409 899 2484 loce
915 2408 1051 2483 dextre
1068 2409 1175 2484 ierat.
1349 2413 1398 2482 30

348 2522 492 2598 Sensus
511 2521 609 2598 inest
626 2523 742 2622 igitur
758 2525 922 2612 nebulis,
941 2549 1038 2623 quus
1056 2525 1176 2622 exigit
1193 2524 1314 2623 ignis:

397 2639 610 2714 Consilium
628 2639 779 2738 lugiunt
796 2651 936 2715 coetera
953 2665 1061 2739 poene
1079 2665 1219 2716 meum.

347 2755 529 2844 Consilio,
549 2780 749 2833 commune
767 2781 916 2832 socrum
935 2780 1052 2855 quum
1070 2757 1137 2832 fiet
1154 2757 1192 2830 in
1210 2781 1277 2832 aru

397 2871 603 2959 Fratribus,
623 2875 768 2950 alterna
785 2873 851 2971 qui
868 2872 1014 2972 periere
1033 2897 1160 2960 mauu,

346 2987 438 3086 lpse
454 2989 527 3066 sibi
544 2990 701 3078 discors,
718 3002 900 3090 tanquam
918 2990 1117 3066 mandetur
1134 2991 1286 3078 abillis,
1349 2996 1396 3070 35

312 3137 318 3143 ·
397 3106 592 3184 Scinditur
610 3108 647 3183 in
665 3120 793 3208 partes
811 3119 893 3184 atre
910 3107 1036 3182 fovilla
1053 3107 1162 3182 duos.

377 3407 417 3455 21.
441 3407 580 3472 Qucum]
605 3409 752 3474 Vsrpoorten
773 3409 846 3460 inter·
897 3409 963 3460 bellu
971 3417 1028 3460 uoto
1036 3418 1092 3459 sunt
1100 3409 1200 3459 Diodori
1209 3419 1234 3459 et
1242 3409 1340 3477 Pupinii
1351 3425 1398 3458 nro·

343 3489 459 3546 pretatur,
468 3482 616 3546 quemquami
626 3498 674 3531 uon
684 3492 762 3548 potest
772 3483 797 3533 iu
808 3501 846 3534 me
896 3484 1027 3536 armentis:
1047 3483 1136 3534 mutuis
1155 3483 1219 3533 enirn
1231 3484 1321 3536 ictibus
1335 3484 1396 3535 ceci·

344 3555 401 3606 felix
418 3570 485 3616 ure3
508 3565 558 3615 aut,
575 3561 689 3621 ᾳιωπίαηι,
706 3556 771 3622 quod
789 3558 846 3608 mihi
895 3558 961 3608 dere.

344 3631 523 3698 nagirplece15
540 3639 612 3696 utque
622 3641 735 3694 quatenos
742 3647 785 3696 pro
792 3649 846 3696 quo-
929 3635 968 3684 35.
981 3631 1034 3696 lpus
1047 3634 1090 3682 ribi
1107 3632 1213 3697 discors]
1231 3633 1314 3690 Quum
1328 3633 1398 3698 Poly·

345 3705 612 3830 πίιιὲἔιιῦῑιοοιοιιιειιι
618 3703 666 3787 dici
673 3712 779 3830 ςωριιὲιέ
786 3721 846 3791 esse,
896 3707 956 3830 nim
966 3705 1070 3830 cudnvslr)
1078 3704 1214 3828 immor
1222 3704 1318 3829 distinet
1329 3707 1397 3756 Eteo-

345 3797 384 3832 uu
442 3788 538 3830 cuntur
555 3794 580 3829 un
597 3793 725 3828 consume
774 3790 846 3834 itione
896 3795 940 3830 crs
1008 3797 1054 3838 ,ru
1071 3780 1105 3832 ito
1196 3795 1212 3830 e
1240 3779 1398 3830 isconince·

344 3853 471 3910 lbrrellini
489 3853 525 3906 sle
545 3851 669 3919 ponticulis
687 3851 715 3902 L.
736 3853 765 3904 L.
789 3869 845 3920 pig.
895 3797 1091 3920 nentiogllipinio.
1105 3853 1167 3904 libro
1184 3853 1323 3912 'lbebuidor
1340 3853 1397 3902 duo-

345 3931 403 3980 678.
443 3928 556 3978 Hieros.
814 3945 821 3959 ·
897 3927 1056 3986 decimo,rer.
1071 3929 1193 3992 430.uqq.
1229 3929 1262 3977 Et
1279 3929 1399 3984 hunus,

377 4007 420 4056 26.
436 4005 479 4056 &d
494 4021 522 4056 nc
536 4005 644 4068 mugio
651 4002 726 4068 suti]
746 4001 792 4052 Sed
803 4019 845 4054 vc·
875 4019 878 4024 ·
898 4000 982 4052 Pherr.
993 4001 1061 4052 libi.
1071 4002 1193 4052 rer.b⁵l:

346 4095 398 4132 reor
418 4095 449 4130 nc
467 4077 516 4130 teu
537 4091 591 4128 ruet
608 4074 714 4128 infelicia
732 4092 846 4128 surorum
929 4075 1322 4142 Scinditusinpartor,gninqur
1331 4093 1397 4128 cocu·

346 4154 425 4204 uxoris
434 4151 573 4204 lelicitatcrn
585 4159 743 4217 corrumpent.
961 4152 1022 4200 mue
1032 4153 1119 4217 surgit,

378 4229 419 4277 ³4.
432 4226 573 4289 Fratribus]
588 4225 680 4276 Eteocli
688 4235 713 4277 ct
721 4226 843 4293 Polynici:
930 4224 1044 4274 Thebanos
1055 4227 1147 4275 imitatu
1158 4241 1229 4290 rogor.
