3006 5122
336 303 402 372 190
629 299 670 368 Ρ.
694 297 857 368 ovlnn
880 297 1095 370 Nesoms

335 477 449 575 Ergo,
479 474 673 552 hominum
699 473 903 574 quaesitum
930 471 1060 548 odium
1084 461 1177 550 mibi
1204 480 1397 568 carmine,

387 591 543 680 Debuit,
562 601 622 668 est
638 591 766 668 vultus
783 592 895 666 turbe
912 604 1048 669 secuta
1062 603 1162 672 tuoe.
1218 601 1398 701 [queque

335 708 400 796 At,
414 707 581 797 memini,
599 705 795 806 vitemque
811 732 936 783 meam
953 734 1155 811 moresque
1172 718 1368 813 probabas

386 824 471 912 Illo,
490 848 606 923 quem
623 824 796 913 dederas,
815 827 1078 922 pretereuntis
1096 852 1208 926 equo.
1341 838 1396 910 90

335 939 449 1026 Quod
468 941 499 1014 si
517 965 593 1014 non
609 940 776 1040 prodest,
796 949 836 1014 et
852 940 1002 1016 honesti
1020 943 1140 1039 gratie
1157 946 1262 1020 nulle

385 1055 587 1144 Redditur,
606 1065 647 1131 at
664 1055 812 1160 nullum⁴
826 1055 968 1131 crimen
987 1057 1149 1156 adeptus
1168 1083 1285 1136 erem.

334 1169 417 1246 Nec
435 1173 533 1247 male
550 1171 752 1246 commisse
769 1180 829 1246 est
845 1173 954 1246 nobis
973 1172 1122 1248 fortune
1139 1199 1303 1266 reorum,

383 1285 675 1386 Lisquedeceru
691 1285 822 1360 decies
839 1285 1077 1385 inspicienda
1093 1275 1211 1365 viris.¹

334 1401 414 1477 Res
427 1426 580 1502 quoque
593 1403 757 1504 privates
771 1401 888 1476 statui
901 1403 983 1480 sine
1001 1404 1158 1480 crimine
1170 1407 1305 1504 juder,
1335 1413 1387 1484 95

383 1519 521 1618 Deque
538 1542 624 1596 mee
640 1517 742 1593 fassa
758 1527 819 1593 est
837 1541 925 1617 pers
943 1543 1097 1622 quoque
1114 1521 1216 1598 victe
1232 1522 1323 1598 fide.

331 1829 398 1881 rioris
405 1829 510 1888 distichi,
520 1841 602 1881 eenset
611 1829 733 1882 Heinsius.
749 1830 830 1894 Atque
881 1828 975 1880 duobus
984 1830 1091 1882 versibus
1098 1829 1388 1898 designatsepoetaeen·

331 1921 376 1970 ego
397 1903 558 1954 lubentissime
584 1900 765 1961 subscriberem,
786 1901 832 1952 nisi
881 1903 1009 1954 turnrirnrn
1031 1903 1111 1956 luisse.
1144 1905 1175 1955 In
1192 1921 1221 1956 eo
1240 1906 1305 1955 enirn
1319 1906 1387 1974 jndi-

333 1977 446 2030 Ovidium
457 1980 565 2028 ubertate
574 1987 600 2028 et
614 1978 684 2044 copis
698 1978 785 2044 sepius
795 1978 831 2030 le·
881 1977 919 2028 elo
929 1993 1008 2030 cause
1019 1979 1211 2037 manem,
1221 1989 1247 2030 et
1257 1980 1387 2032 heredita·

333 2053 423 2110 borsre,
435 2060 517 2102 notum
527 2059 598 2101 esset.
631 2051 744 2102 Hennes.
880 2051 1121 2118 semiuirumque
1131 2051 1205 2104 etiem
1215 2054 1389 2106 audiebatu-

364 2129 406 2176 llll.
429 2126 593 2176 Pretereunts's
612 2126 690 2190 equo]
717 2125 832 2174 Probesse
882 2123 1124 2176 centumvir-lentem
1140 2141 1267 2178 enumero
1283 2129 1388 2180 virorum

332 2215 409 2249 mores
419 2199 492 2266 ipsius
502 2208 640 2265 argumento
652 2215 703 2252 esse
714 2198 756 2256 ait,
767 2196 832 2266 quod
881 2199 1032 2252 dieebentsr.
1066 2201 1131 2252 Nam
1149 2217 1224 2267 quun
1243 2202 1331 2256 Rern·
1347 2219 1386 2252 es-

332 2274 363 2322 ab
378 2290 415 2331 eo,
429 2283 457 2322 ut
470 2289 576 2330 censore,
593 2289 655 2339 equo
672 2271 774 2322 donstus
792 2271 832 2322 sit.
882 2282 936 2324 sent
951 2275 1056 2342 quinque
1071 2283 1095 2324 et
1110 2275 1207 2341 triginta
1219 2277 1386 2334 tribus,‘terni

276 2341 279 2355 ¹
332 2342 831 2414 qunitursutenrdeequotrsnssectionis·
880 2363 910 2400 es
931 2347 1032 2414 singulis
1053 2349 1162 2400 tribubus
1180 2349 1335 2414 eligebantur
1355 2351 1386 2400 ad

332 2421 471 2487 Dionysius,
481 2421 524 2471 lib.
534 2421 566 2471 vi.
576 2421 666 2478 scribit,
679 2422 704 2470 in
719 2421 831 2472 bonorem
878 2421 1051 2488 judiesndurn:
1074 2431 1099 2474 et
1113 2422 1171 2472 lieet
1185 2423 1386 2490 quinqoe'snpra

331 2495 487 2562 adpetitionis
502 2495 634 2552 Castorum,
653 2494 766 2562 illiusque
782 2493 832 2544 vic·
881 2504 977 2546 centum
1001 2495 1098 2555 luerint,
1125 2504 1205 2546 tanen
1231 2506 1260 2546 ut
1291 2497 1387 2550 labilius
1485 2523 1486 2547 r

330 2571 406 2628 terias,
419 2587 473 2636 que
487 2570 518 2621 ed
531 2571 611 2620 lecum
624 2569 746 2636 Regillum
761 2579 831 2636 parta
881 2571 1065 2627 mmmm,
1083 2569 1223 2620 oenunviri
1241 2579 1300 2620 sunt
1317 2569 1386 2620 dieti.

330 2655 374 2703 est.
393 2645 461 2710 equis
482 2646 592 2696 sedentes
619 2645 746 2702 transvehi,
770 2643 830 2694 inei-
879 2645 966 2694 Forum
993 2659 1049 2694 vero
1066 2642 1185 2709 judicium
1209 2647 1385 2694 murtetis

330 2719 548 2787 pientesatemplo
556 2719 641 2770 lllsrtis
652 2729 829 2777 extremarum,
880 2717 944 2766 lasa
965 2717 1145 2766 nominabatur:
1171 2715 1236 2781 quod
1261 2717 1341 2783 posita
1360 2717 1385 2768 in

330 2793 761 2861 perrexisseperforum,justandem
770 2793 829 2844 Cas·
879 2792 931 2840 loro
957 2790 1036 2847 basta,
1064 2789 1206 2840 centumviri
1230 2789 1384 2855 judicabant.

331 2869 395 2918 toris.
428 2867 513 2917 Flebat
528 2864 607 2918 autern
621 2868 672 2918 hec
689 2867 830 2918 transvectio
881 2863 986 2913 Fortuna
1012 2881 1109 2912 mrum·
1141 2863 1196 2912 Sors
1221 2879 1313 2920 eorum,
1340 2865 1382 2929 qni
1482 2893 1483 2933 1

331 2943 391 2992 idib.
412 2941 570 3000 Quintilibus,
587 2957 635 3006 quo
653 2940 693 2990 die
713 2940 778 3008 spud
791 2941 828 2990 la·
879 2935 1043 2988 centumvirali
1051 2936 1144 3004 judicto
1153 2935 1351 3002 subjiciebantur.

331 3031 386 3065 eum
395 3014 518 3080 Regillum
528 3021 775 3079 prosperepugnstum
784 3022 829 3071 est,
912 3013 953 3062 el.
973 3011 1132 3074 Usqssdeeem
1145 3010 1238 3074 dedas]
1256 3013 1293 3062 'rb
1310 3011 1384 3076 Usque
1481 2999 1482 3010 ¹

331 3091 431 3140 Castore
441 3097 466 3138 et
478 3087 578 3136 Polluce
587 3085 766 3136 suxiliantibus.
800 3088 830 3136 In
879 3085 990 3136 lrirolunr
1000 3093 1026 3134 et
1033 3085 1135 3134 otiosum
1145 3084 1190 3133 boc
1200 3084 1269 3134 loco:
1281 3084 1330 3135 duo
1340 3101 1381 3134 ve·

331 3161 504 3213 transvectione
514 3168 593 3210 autent
606 3159 699 3225 equites
710 3159 830 3210 reheban-
880 3169 942 3210 teres
954 3159 1042 3224 thu05
1054 3175 1116 3208 unus
1127 3159 1220 3222 Virque.
1241 3159 1326 3209 Scribe
1333 3175 1381 3209 onr-

331 3247 379 3293 tur,
396 3234 501 3284 coronati
514 3226 630 3282 oliverum
645 3232 725 3290 retnis,
741 3233 830 3284 induti-
880 3233 951 3285 nino:
968 3233 1051 3298 h'sqss
1066 3235 1141 3282 decess
1155 3235 1228 3281 dselss
1240 3235 1384 3295 ispiciens&
1479 3255 1480 3268 ι

331 3325 379 3376 qne
387 3307 476 3358 trabeis
484 3307 580 3373 punicei
588 3305 768 3364 eoloris,ssounr
777 3325 830 3374 gos-
880 3311 944 3358 stris.
966 3309 1070 3359 Centum
1082 3307 1144 3356 viros
1154 3306 1237 3356 litibus
1243 3307 1383 3372 judicandis

331 3393 410 3435 tentes
428 3391 573 3440 ornsments,
590 3383 733 3448 premiaque
750 3385 831 3434 omnis
880 3381 999 3449 designat.
1031 3382 1070 3430 Ne
1085 3380 1169 3431 dubita
1179 3379 1211 3430 de
1228 3380 1275 3430 hec
1286 3383 1381 3431 restitu-

331 3456 484 3513 lortitudinis,
495 3471 652 3521 quecumque
664 3455 688 3505 in
697 3457 786 3522 praeliis
799 3461 830 3508 ob
880 3456 953 3506 tione.
986 3455 1077 3504 llsrre.

331 3547 381 3584 rem
400 3533 461 3580 bene
478 3537 577 3596 gestam,
595 3546 611 3579 s
624 3529 761 3580 ductoribus
781 3531 831 3580 snis
911 3529 1324 3594 95.1toqooquprtsasarrrasui.]
1337 3529 1381 3578 Ni·

331 3621 453 3673 accepere.
879 3605 913 3654 hil
925 3604 990 3655 uliud
1005 3604 1064 3661 vult,
1075 3603 1121 3652 nisi
1134 3619 1160 3652 se
1175 3603 1248 3653 etism
1263 3601 1327 3652 inter
1339 3603 1378 3668 ju-

364 3699 403 3732 vr.
413 3683 454 3738 91,
465 3681 506 3730 9¹2.
523 3677 556 3727 lli
570 3693 666 3744 quoque
681 3681 763 3728 vers‘us
778 3693 829 3728 sus·
879 3677 945 3729 dices
954 3677 1083 3734 adlectum,
1095 3691 1155 3740 quos
1166 3683 1254 3742 pretor
1264 3673 1291 3724 in
1303 3676 1380 3724 osusis

330 3756 395 3824 pesti
408 3762 465 3804 sunt
474 3752 581 3802 Heinsio.
614 3753 698 3802 Burm.
709 3751 828 3818 conjenits
878 3751 1042 3816 privetisdsre
1052 3749 1151 3800 solebst.
1181 3747 1379 3798 Omniaconlun·

333 3831 399 3886 Quod
413 3832 488 3878 eison
499 3829 598 3891 prodest,
608 3837 630 3874 st
644 3827 740 3875 boseus
749 3828 830 3891 glorie
879 3825 914 3875 dit
924 3823 1058 3889 ignorantia
1068 3822 1218 3888 antiquitatis
1228 3821 1334 3878 Merula,
1345 3821 1379 3870 in·

331 3909 383 3956 sits
395 3905 525 3961 Partitur,-
541 3911 567 3950 nt
580 3902 673 3950 nullust
686 3904 771 3950 crimen
785 3903 828 3950 sd-
879 3909 934 3966 epte
941 3899 1054 3949 sermm
1060 3897 1133 3947 ovid.
1138 3895 1246 3962 jndicem
1253 3911 1284 3944 ex
1296 3903 1379 3961 quarte

330 3983 384 4030 emit
398 3993 488 4041 mum.
520 3975 647 4040 Elegsnter
663 3973 769 4038 quidem,
787 3974 829 4025 sed
879 3972 977 4023 decuris
987 3968 1259 4029 luisss‚ettriumsirum
1268 3969 1379 4019 electum.

331 4054 376 4104 boe
387 4051 432 4102 erit
442 4067 517 4108 urere,
528 4065 575 4100 uon
584 4046 683 4098 mederi.
715 4047 829 4100 Hssnss.
878 4045 996 4096 Triumvir
1006 4044 1064 4110 luit;
1074 4041 1117 4095 sed
1126 4041 1163 4092 illi
1171 4055 1220 4093 non
1228 4040 1379 4107 judieabsnt.

339 4129 405 4178 ¹98.
424 4125 472 4177 Nes
492 4127 551 4176 stols
571 4125 684 4173 semisse
703 4123 758 4186 ert]
784 4123 829 4174 llis
880 4121 969 4172 ans.
