3020 5106
242 378 485 446 TRISTIUM
509 379 601 447 LIB.
626 379 696 446 111.
720 379 856 448 ELEG.
881 381 985 449 XIV.
1081 383 1148 452 266
1188 391 1191 398 “

92 553 160 630 Est
175 554 272 652 fuga
289 554 398 629 dicta
415 553 518 643 mihi,
538 580 614 630 non
631 565 691 632 est
707 555 798 654 fuga
815 556 919 632 dicta
935 557 1087 645 libellis,
1117 541 1124 550 ’

140 669 215 756 Qui
234 671 384 744 domini
402 693 552 770 poenam
571 696 646 746 non
665 695 834 747 meruere
852 673 946 772 pati.
1104 678 1150 750 10

94 787 205 887 Saepe
223 811 297 886 per
315 795 507 860 extremas
526 787 835 886 profuguspater
852 789 1003 864 exsulat
1021 813 1127 880 oras;

141 903 250 977 Urbe
271 913 402 978 tamen
421 902 518 976 uatis
536 903 680 978 exsulis
698 927 783 978 esse
801 903 903 978 lieet.

92 1017 261 1094 Palladis
280 1020 472 1118 exemplo,
492 1018 539 1094 de
558 1043 619 1094 me
638 1020 718 1094 siue
735 1031 856 1094 matre
874 1033 1002 1096 ereata

142 1135 445 1226 Carminasunt3
469 1137 582 1237 stirps
593 1138 674 1212 haee
687 1138 963 1236 progeniesque
977 1153 1063 1214 mea
1075 1150 1146 1216 est.

95 1251 297 1328 Hauetibi
324 1252 574 1327 commendo:
604 1275 702 1350 quae,
725 1277 801 1351 quo
824 1253 944 1352 magis
968 1256 1060 1330 orba
1082 1278 1148 1355 pa·

245 1379 369 1455 rente,
1105 1376 1150 1447 15

145 1485 230 1560 Hoc
249 1485 321 1558 tibi
340 1485 455 1558 tutori
475 1487 622 1560 sarcina
639 1488 757 1586 major
773 1488 857 1563 erit.

94 1600 187 1676 Tres
205 1601 301 1676 mibi
321 1611 412 1674 sunt
429 1601 510 1676 nati
528 1604 703 1698 contagia
720 1614 848 1678 nostra
865 1603 1008 1678 secuti:

145 1717 300 1793 Caetera
318 1715 378 1792 fao
397 1741 497 1792 curoe
515 1719 566 1792 sit
582 1719 652 1793 tibi
666 1721 778 1794 turba
798 1718 944 1818 palam:

97 1834 196 1909 Sunt
208 1857 367 1932 quoque
382 1843 535 1908 mutatae
550 1846 608 1909 ter
622 1835 790 1933 quinque
804 1834 994 1911 volumina
1007 1835 1147 1925 sormoe,

145 1949 330 2024 Carmina
348 1949 397 2024 de
414 1949 556 2024 domini
575 1950 705 2024 sunere
723 1962 833 2050 rapta
850 1951 929 2026 sui:
1100 1957 1151 2027 20

95 2065 192 2142 Illud
211 2092 310 2167 opus
329 2065 466 2165 potuit,
486 2067 517 2140 si
536 2092 612 2142 uon
630 2069 733 2167 prius
752 2069 834 2168 ipse
853 2070 1049 2168 perissem,

144 2183 299 2258 Certius
318 2206 342 2256 a
360 2205 508 2256 summa
525 2207 662 2258 nomen
680 2185 821 2258 habere
838 2208 953 2259 manu
971 2211 979 2259 :

97 2298 206 2374 Nunc
222 2301 479 2374 incorrectum
497 2300 628 2400 populi
646 2301 818 2399 pervenit
835 2301 874 2373 in
892 2325 977 2390 ora;

144 2413 188 2488 In
207 2415 341 2514 populi
361 2414 570 2512 quidquam
589 2415 620 2490 si
638 2427 767 2490 tamen
784 2441 848 2492 ore
866 2439 993 2514 meum
1011 2427 1083 2491 est.

98 2529 176 2606 Hoc
194 2555 364 2630 quoque,
384 2531 513 2606 neseio
532 2532 638 2630 quid,
658 2533 794 2606 nostris
813 2533 961 2630 adpone
981 2531 1132 2632 libellis,

143 2647 304 2722 Diverso
323 2647 481 2720 missurn
500 2650 603 2746 quod
621 2649 691 2724 tibi
710 2650 758 2723 ab
775 2647 866 2722 orbe
885 2647 999 2722 veuit.
1098 2651 1147 2721 26

98 2761 205 2847 Quod
220 2763 458 2862 quicumque
473 2765 586 2862 leget,
599 2765 631 2838 si
644 2765 731 2862 quis
744 2765 858 2860 leget,
870 2763 1034 2836 aestimet
1046 2772 1148 2850 ante,

144 2879 417 2978 compositum
436 2903 512 2976 quo
531 2880 582 2954 sit
599 2890 783 2980 tempore,
803 2903 957 2978 quoque
974 2878 1080 2968 looo;

96 3111 193 3160 lectione
207 3110 280 3162 unius
297 3111 389 3161 codicis
402 3113 504 3160 uirorum
521 3113 597 3164 Heiu—
647 3111 750 3163 undeet
766 3111 867 3178 ἀμάτωρ
879 3110 971 3161 Graecis
986 3109 1067 3170 diem
1090 3111 1149 3176 quis

96 3187 141 3236 sius
160 3185 333 3236 emendaturus
351 3195 411 3244 erat,
432 3189 540 3236 bonorum
559 3187 596 3236 vel
647 3187 769 3253 Sapientia
779 3187 851 3236 solius
860 3185 909 3234 Dei
918 3201 1003 3234 munus
1015 3185 1054 3242 sit,
1063 3193 1087 3234 el
1095 3201 1150 3234 curu

95 3263 188 3320 ρίοηαιι.
222 3260 339 3308 Hsuses.
646 3259 1151 3328 voluptaleuorpodsuunoousistssQuam

126 3335 149 3382 8.
171 3335 256 3383 Rullus
279 3351 360 3382 nomen
376 3335 402 3381 io
422 3336 479 3382 urbe
500 3334 606 3398 meum}
646 3339 676 3384 ob
697 3353 802 3394 oausam,
823 3337 908 3386 Muses
928 3351 1023 3401 quoque
1046 3334 1151 3401 virgines

98 3409 179 3472 Corpus
189 3409 265 3474 major
275 3424 331 3474 pars
339 3417 462 3470 veterum
480 3418 562 3472 argute
573 3418 598 3457 et
647 3409 866 3475 fiuxitautiquilas.
902 3409 981 3458 Posr.

98 3497 159 3531 rete:
181 3481 216 3531 sie
238 3482 283 3530 lib.
305 3481 330 3530 ii.
352 3481 383 3531 de
406 3481 500 3548 scriptis
517 3481 597 3547 Virgi-
683 3486 721 3533 17.
741 3481 1005 3545 Tresmilrisunlnols'.]
1023 3483 1081 3531 Tres
1092 3478 1147 3532 illos
1244 3543 1246 3548 y
1273 3521 1275 3526 ,

99 3555 172 3612 lienis,
183 3571 232 3604 ver.
244 3557 294 3604 5³³
304 3573 310 3602 ε
649 3559 679 3607 de
689 3559 748 3607 Arte
758 3553 854 3607 orbandi
863 3557 937 3608 libros
947 3557 1073 3622 siguificat.
1092 3557 1152 3606 Pra-

129 3629 175 3678 Nee
186 3631 275 3694 legitur
284 3645 339 3690 pars
354 3630 407 3676 ullo
420 3631 493 3694 magis
506 3632 535 3678 ds
549 3645 598 3679 cor-
649 3643 702 3691 tres‚
717 3649 778 3682 unus
793 3631 943 3682 Gallicanus.
978 3631 1092 3697 Coniugio
1109 3650 1151 3681 so·

187 3711 307 3765 peretulo,
648 3717 705 3755 stro.
738 3707 826 3754 Nostra
842 3705 919 3754 mals:
937 3709 999 3754 bam
1018 3713 1043 3754 et
1058 3705 1103 3770 ipsi
1121 3721 1150 3754 es

161 3776 235 3830 Qum
244 3794 290 3824 sos
301 3775 600 3842 legitimosoedetsjuoelus
650 3781 708 3829 urbe
719 3779 790 3844 ejecti
801 3787 866 3828 suus.

190 3868 261 3899 omer.
685 3857 724 3904 19.
733 3853 906 3918 sasima]
917 3855 980 3920 Iege
988 3853 1054 3912 Sion
1066 3867 1152 3918 nempe

132 3925 168 3973 1³.
184 3925 291 3974 Palladis
309 3925 430 3988 amplo]
454 3924 534 3973 Tertio
554 3926 598 3974 Fa·
649 3926 775 3978 euraelibi.
809 3927 902 3976 Herus.

103 4005 192 4056 storum,
203 4016 252 4048 ver.
263 4001 322 4048 8⁴1:
682 4003 723 4050 20.
735 4001 770 4049 De
781 3997 978 4066 domiaijimere]
995 3998 1079 4047 Sobila
1088 3997 1152 4046 enim

131 4072 175 4119 Ass
182 4069 512 4136 usucapisosersumins
520 4081 599 4130 melre,
649 4073 793 4140 relegatione
814 4091 875 4139 opus
896 4073 957 4124 illud
973 4072 1152 4123 inemendatum

191 4149 285 4208 peimi
651 4149 763 4198 emissum
773 4157 817 4198 est.

163 4220 316 4280 renuam
327 4223 405 4286 clypeo
414 4223 545 4286 prosiluisse
553 4239 599 4278 suo,
