3042 5130
266 257 310 324 12

568 257 609 323 Ρ.
635 255 798 324 ovlnn
822 257 1035 326 NASONIS

269 431 357 508 Sive
374 430 559 506 latrocinii
576 431 648 506 sub
667 431 829 528 imagine
846 433 1014 507 calculus
1031 435 1102 508 ibit
1117 463 1127 523 ;

320 545 395 620 Fac
412 558 542 646 pereat
558 547 676 621 vitreo
693 547 801 621 miles
818 549 868 621 ab
886 549 994 623 hoste
1013 559 1113 623 tuus.

269 661 359 760 lpse
376 673 464 737 tene
480 663 646 737 distenta
663 663 742 737 suis
760 665 980 738 umbracula
995 664 1131 761 virgis:

319 776 409 875 lpse
428 777 509 852 foce
527 778 565 850 in
582 778 707 864 turbll,
724 781 801 875 qui
819 781 921 854 venit
938 781 1013 866 illa,
1031 782 1169 854 locum.
1240 785 1321 854 210

272 891 354 966 Nec
371 893 504 966 dubita
520 893 629 966 tereti
647 914 842 966 scamnum
860 895 1069 992 producere
1085 895 1205 968 lecto:

323 1007 374 1082 Et
389 1017 519 1082 tenero
536 995 677 1082 soleam
695 1009 818 1095 deme,
836 1010 895 1082 vel
913 1009 1024 1096 adde,
1043 1010 1144 1108 pedi.

272 1122 384 1222 Soepe
402 1123 516 1197 etiam
533 1123 707 1211 dominae,
727 1125 898 1222 quamvis
916 1125 1085 1200 horrebis
1103 1136 1142 1199 et
1160 1125 1254 1223 ipse,

322 1238 494 1336 Algentis
511 1263 644 1314 manus
663 1251 722 1315 est
739 1241 970 1320 calfacienda
986 1241 1083 1316 sinu.

273 1551 348 1602 victur
363 1560 407 1609 est,
421 1552 551 1617 persolvere
569 1568 667 1602 necesse
684 1553 766 1603 habet.

274 1623 353 1672 Aede
368 1624 423 1674 talis
436 1633 462 1673 et
474 1625 559 1674 ceteris
575 1625 683 1674 ludorum
695 1643 768 1690 gene·

272 1695 346 1753 ribus,
357 1695 412 1746 vide
427 1713 481 1761 quse
496 1697 521 1746 in
536 1698 667 1748 secuudum
682 1699 768 1750 librum

272 1768 384 1818 Tristium
399 1785 428 1818 es
446 1769 545 1818 Polluce
562 1779 586 1818 et
600 1769 653 1820 aliis
671 1771 768 1837 quibus-

273 1839 329 1888 dam
341 1839 511 1890 annotavimus.
546 1843 610 1893 Nam
620 1859 673 1909 que
685 1845 723 1894 bic
738 1845 769 1894 de

274 1915 367 1966 Venere
380 1923 405 1965 et
421 1915 480 1973 Coo,
495 1913 553 1964 item
570 1917 601 1966 ‹le
614 1917 676 1967 Cbio
687 1926 713 1967 et
727 1921 780 1969 Se·-

273 1988 343 2037 uione
370 1987 442 2036 tradit
467 1989 571 2047 Merula,
598 1999 702 2040 veterum
728 1993 769 2042 ‹le-

273 2060 438 2126 scriptionibus
448 2077 495 2112 non
508 2063 603 2113 omniuo
618 2065 769 2130 respondent.

274 2133 338 2184 Nanr
351 2137 489 2194 cuniculum,
507 2152 556 2201 qua
568 2137 683 2188 unitatem
697 2138 769 2204 signi·

275 2207 386 2266 licsbsur,
405 2207 464 2258 alias
477 2211 554 2258 cisium
572 2211 697 2262 vocabant.
730 2214 770 2263 Sr-

275 2283 364 2332 rriouers
379 2291 469 2340 auten,
482 2283 524 2348 qui
540 2294 564 2334 et
580 2284 660 2346 ilinc
672 2286 769 2336 diceba-

274 2354 608 2413 tur‚etsenariumnumemm
616 2359 771 2426 significabat,

274 2445 347 2488 eoum,
363 2429 470 2496 plerique
488 2433 528 2496 (nt
549 2431 634 2483 Pollux
655 2433 701 2498 ait)
718 2435 770 2501 qui·

274 2502 413 2553 demetiam
429 2503 512 2570 χιάδα,
522 2505 572 2556 sire
579 2509 672 2569 juctssr
686 2509 771 2558 ultien.

278 2577 447 2636 lesmoren,
457 2595 505 2645 qua
512 2579 606 2630 Meruls
612 2581 771 2647 septenarium

275 2665 397 2702 numerum
410 2653 485 2703 notari
499 2653 566 2711 dicit.
577 2663 627 2704 turu
639 2655 771 2714 dicebatur,

273 2727 370 2792 quando
379 2727 458 2777 nullus
468 2729 530 2778 talus
540 2727 623 2778 eodem
639 2729 714 2786 vultu.
723 2745 771 2795 quo

274 2799 355 2858 ceteri,
363 2801 457 2860 stabat;
473 2810 524 2850 erat
532 2801 600 2866 queis
605 2801 686 2866 jactus
695 2802 771 2850 lucro-

275 2872 389 2929 sissiutus‚
407 2871 587 2939 depositumque
609 2881 684 2922 tolum
702 2874 770 2923 tolle·

276 2947 327 2996 bet.
368 2945 439 2996 Unde
455 2955 480 2996 et
500 2947 619 2996 Martialis
636 2946 706 3005 dixit,
726 2949 769 2998 lib.

276 3019 325 3068 air.
339 3019 380 3068 14.

309 3095 368 3142 (lars
380 3095 468 3143 sturm
483 3095 550 3142 υιιὶιιι
564 3095 643 3143 nullus
655 3097 697 3144 tibi
711 3097 771 3146 tulus

343 3242 443 3291 Munera
461 3257 495 3290 sss
512 3243 572 3290 dices
588 3259 673 3308 srugsu
687 3245 772 3293 oros

374 3319 424 3367 tibi.

277 3390 383 3456 Reliqua
394 3390 449 3440 virle
467 3389 520 3439 loeo
538 3389 626 3441 citato:
644 3391 684 3440 ubi
701 3399 726 3442 et
741 3391 772 3442 rle

277 3465 335 3515 ludo
352 3463 546 3520 latrunculorum,
565 3473 590 3514 et
604 3461 662 3514 'aliis'
675 3465 772 3530 quibus·

276 3540 342 3595 dam,
357 3553 410 3604 quue
426 3537 494 3586 nobis
508 3537 652 3594 viderentur.
664 3538 772 3604 exposui·

277 3630 340 3662 mus.
370 3612 512 3660 Mrcsnuue.
543 3611 620 3662 Recte
647 3611 771 3678 Micyllus.

280 3689 352 3738 Peos
362 3693 407 3742 est,
418 3695 445 3736 ot
459 3701 489 3735 es
505 3686 614 3752 pectori
627 3687 672 3736 hoc
688 3687 727 3736 vel
743 3686 771 3735 il·

278 3762 320 3812 lnrl
327 3757 411 3827 jaciet,
422 3757 446 3808 in
460 3757 564 3808 medium
576 3759 681 3809 conferat
695 3769 772 3809 certos

278 3848 393 3890 nmmos,
406 3847 465 3898 quos
472 3833 546 3882 victor
555 3833 676 3882 universos
685 3833 771 3884 anlerl.

279 3919 306 3960 ut
323 3907 446 3971 Augustus
468 3906 531 3972 apud
551 3905 698 3963 Suetonium.
717 3921 772 3972 usp.

280 3983 338 4035 lsai.

310 4058 369 4106 206.
389 4055 497 4104 Dosssoai
509 4052 597 4116 cuum]
615 4051 715 4111 Sssiosi,
732 4054 773 4120 qui

816 1556 898 1622 jactus
912 1553 1071 1612 felicissimus,
1083 1553 1139 1602 unio
1153 1567 1195 1601 seu
1204 1552 1270 1601 canis
1281 1551 1318 1600 illi

817 1629 946 1679 contrarius
959 1628 1130 1693 opponebatur.
1147 1625 1182 1675 sic
1195 1634 1221 1674 et
1236 1625 1318 1674 Persio

817 1706 923 1752 ἀιιιιιιιωιι
933 1704 1041 1751 usiosis
1055 1701 1087 1750 de
1099 1699 1184 1750 estlem
1196 1715 1221 1748 re
1232 1700 1319 1762 Satyra

818 1774 896 1832 tertia,
911 1783 935 1824 et
949 1778 1026 1823 denter
1040 1776 1110 1823 senio.
1145 1771 1208 1822 Unio
1225 1772 1250 1820 iu
1264 1769 1321 1819 talis

818 1848 885 1898 κύων
894 1849 945 1898 sire
958 1847 1034 1898 canis.
1048 1848 1074 1897 in
1088 1846 1181 1897 tesseris
1193 1846 1251 1904 ὄνος
1265 1845 1318 1893 sive

819 1923 910 1972 annus.
943 1922 1103 1972 Mittebantur
1117 1930 1199 1970 autem
1216 1920 1259 1968 tali
1275 1919 1317 1966 iri·

819 1995 871 2044 tillo
896 2011 912 2044 a
937 1993 1075 2044 ludentibus
1098 1995 1122 2042 in
1149 2009 1259 2058 pyrgum,
1284 2007 1315 2041 ue

820 2067 973 2118 lrsudilocus
983 2077 1055 2118 esset.
1088 2067 1180 2116 fluns.

851 2143 908 2192 209.
926 2140 976 2204 lpse
987 2152 1037 2191 sess
1052 2144 1152 2190 Mento
1166 2142 1213 2188 sais
1225 2140 1318 2188 asora·

819 2217 873 2263 cols
884 2215 975 2280 virgis]
994 2213 1121 2278 videque
1137 2212 1168 2261 de
1176 2211 1280 2276 flabellis
1292 2221 1319 2260 et

819 2291 923 2338 ussbrllir
941 2288 1114 2344 adnotavinm,
1132 2285 1164 2336 erl
1181 2285 1264 2344 Amor.
1283 2284 1318 2333 iii.

821 2363 891 2427 Eleg.
903 2361 929 2413 ii.
939 2364 980 2411 38.
1012 2362 1103 2411 Anus.

853 2437 910 2484 211.
929 2435 1004 2483 Ter-sti
1014 2451 1129 2484 ιιιιιιιιιιιιιι
1136 2436 1263 2496 marm
1273 2435 1318 2482 lec·

821 2509 866 2572 ta]
888 2509 989 2574 Lipsius,
1006 2509 1050 2557 lib.
1069 2508 1105 2557 iii.
1120 2509 1221 2558 Centur.
1239 2507 1318 2573 Epist.

821 2583 892 2631 Misc.
910 2581 935 2630 ii.
953 2597 1075 2630 scamnum
1091 2581 1155 2629 idern
1174 2595 1235 2636 esse,
1252 2579 1318 2646 qnod

820 2655 904 2704 sellum
917 2653 966 2703 sive
977 2653 1115 2704 caurednm
1128 2660 1207 2719 putat.
1216 2653 1260 2701 serl
1270 2668 1319 2716 qua

820 2729 910 2778 rarione
919 2737 976 2778 tunc
990 2743 1112 2778 scamnum
1126 2726 1190 2776 lecto
1203 2725 1318 2790 produce-

820 2803 900 2850 returl
932 2801 1022 2850 Melius
1045 2800 1137 2866 capitur
1162 2797 1193 2848 de
1213 2814 1319 2858 wemno,

820 2891 868 2940 quo
878 2876 1004 2924 utebantur
1015 2875 1090 2924 lectos
1100 2873 1195 2924 altiores
1205 2881 1318 2922 consom-

819 2949 878 2998 suri.
889 2965 932 3014 per
940 2951 1022 2998 batam
1029 2963 1085 2997 sero
1093 2947 1133 2998 bic
1143 2963 1189 2996 uon
1197 2945 1318 3005 lecticam,

819 3021 862 3070 serl
883 3021 1056 3074 accubiton'um
1073 3020 1238 3084 intelligerem,
1260 3020 1318 3084 quia

821 3095 851 3144 de
859 3095 923 3144 solea
933 3095 1048 3159 sequitur,
1055 3109 1128 3159 quam
1135 3092 1239 3159 posuisse
1246 3107 1318 3142 accu-

820 3169 920 3226 bituros,
935 3167 1016 3217 notius
1027 3175 1072 3225 est,
1087 3183 1160 3232 quum
1175 3175 1203 3216 ut
1219 3166 1317 3216 demon·

821 3242 890 3293 strari
900 3249 977 3308 egeat.
1010 3243 1099 3292 Busrr.

854 3317 911 3364 212.
929 3315 1014 3364 Teucro
1028 3316 1110 3363 sulm
1125 3316 1196 3370 desae,
1210 3313 1246 3360 uel
1259 3315 1319 3362 adds

820 3389 894 3452 peril]
908 3388 1093 3452 Esequebantur
1100 3387 1152 3436 bec
1160 3384 1226 3450 pueri
1235 3385 1266 3434 ad
1276 3401 1318 3450 pe·

822 3462 873 3520 des,
884 3471 909 3512 et
918 3461 1012 3510 ancillas
1022 3477 1090 3526 quas,
1101 3477 1114 3510 e
1125 3475 1230 3518 munere,
1241 3475 1318 3509 asoa·

821 3539 884 3586 dolio
897 3537 1025 3586 vocabant.
1058 3537 1190 3586 Differebst
1208 3545 1290 3586 autem
1303 3551 1320 3585 a

821 3611 903 3660 calceo
912 3613 987 3659 solsur
1004 3609 1100 3659 calceus
1110 3609 1174 3658 eninr
1184 3609 1269 3674 pedem
1282 3617 1318 3658 to·

822 3693 873 3734 tum
893 3684 968 3746 ἰείη
991 3685 1058 3742 soles,
1082 3683 1188 3749 plantam
1208 3691 1318 3732 tantum:

820 3773 875 3823 pers
889 3758 953 3807 enim
967 3757 1072 3824 superior
1086 3755 1186 3806 habenis
1196 3755 1319 3806 devincie-

821 3832 899 3882 batur.
933 3834 995 3890 Qusr
1008 3839 1088 3880 sutem
1103 3828 1194 3880 Latinis
1204 3829 1317 3878 differen-

822 3905 857 3954 ιιι
866 3905 973 3954 calceum
983 3905 1076 3955 interce
1086 3907 1175 3960 roleusr¹
1183 3901 1267 3952 eedem
1276 3918 1319 3968 po

822 3981 924 4029 uebatur
941 3979 1005 4046 apud
1017 3981 1115 4030 Grecos
1128 3978 1188 4028 inter
1200 3974 1319 4042 ὑπόδημα

823 4062 845 4103 el
858 4051 1002 4106 σανδάλιον.
1034 4053 1123 4102 Arses.
