3028 5116
286 392 522 462 TRIS‘I‘IUM
546 393 637 460 LIB.
661 395 690 462 Ι.
715 393 852 463 ELEG.
875 396 925 464 11.
959 401 986 460 '.
1067 399 1131 465 149

68 569 152 645 Eet
168 567 326 667 aliquid,
345 567 468 644 fatove
487 593 556 642 eno
573 565 716 642 ferrove
733 569 933 646 cadentem

127 685 178 758 ln
194 686 307 759 solita
323 684 488 758 moriens
505 707 647 781 ponere
664 707 801 784 corpus
819 685 959 761 humo:

69 803 151 876 Eet
168 801 348 876 mandata
363 801 441 876 suis
460 799 603 897 aliquid
622 823 773 898 sperare
788 801 977 900 sepulcre,
1080 808 1128 878 55

128 917 184 992 Et
201 942 277 992 non
295 916 480 1014 aequoreis
497 916 665 1016 piscibus
683 939 767 994 csse
785 916 926 992 cibum.

73 1033 235 1130 Fingite
250 1057 311 1107 me
328 1033 485 1129 dignum
503 1031 569 1104 tali
587 1055 702 1106 nece:
732 1056 806 1106 non
822 1057 894 1129 ego
911 1034 1013 1108 solus

130 1148 210 1224 Hic
227 1149 364 1223 vehor:
394 1146 600 1222 immeritos
618 1171 686 1221 cur
702 1172 789 1224 mea
805 1174 918 1248 poena
934 1151 1077 1225 trahit?

75 1265 186 1340 Proh
203 1265 352 1364 Superi,
364 1265 580 1362 viridesque
598 1263 684 1350 Dei,
698 1264 838 1361 quibus
852 1257 1132 1362 aequoracuraet

134 1381 310 1480 Utraque
320 1383 402 1480 jam
417 1390 561 1456 vestras
580 1380 703 1455 sistite
720 1381 832 1454 turba
849 1381 983 1456 minas.
1086 1386 1136 1456 60

79 1495 287 1594 Quemque
304 1496 411 1571 dedit
426 1496 543 1570 vitam
560 1495 761 1570 mitissima
779 1495 943 1570 Oaeseris
962 1496 1028 1584 ira,

132 1611 246 1686 Hanc
264 1612 377 1687 sinite
394 1611 525 1688 infelix
544 1612 583 1685 in
600 1612 684 1686 loca
697 1611 953 1708 jussa-seram.

82 1728 140 1816 Si,
158 1751 276 1825 quam
293 1729 512 1815 commerui,
530 1752 682 1827 poenam
700 1751 761 1802 me
780 1729 946 1830 pendere
959 1730 1086 1815 vultis,

133 1843 264 1943 Culpa
280 1868 365 1918 mea
381 1856 453 1931 est,
473 1844 556 1943 ipso
569 1845 715 1943 judice,
735 1857 855 1919 morte
872 1845 1004 1919 minor.

83 1957 243 2034 Mittere
261 1981 322 2033 me
341 1959 496 2057 Stygias
514 1953 546 2033 si
560 1961 642 2057 jem
659 1961 840 2036 voluisset
856 1963 904 2036 ud
916 1962 1043 2037 undas
1088 1966 1137 2036 65

137 2074 282 2161 Caesnr,
300 2073 339 2147 in
357 2075 428 2148 hoc
445 2085 571 2149 vestra
587 2099 662 2150 non
680 2077 848 2174 eguisset
865 2102 951 2176 oper

87 2187 161 2264 Est
176 2189 232 2263 illi
250 2190 366 2264 nostri
385 2215 461 2264 non
479 2191 665 2266 invidiosa
680 2191 822 2266 cruoris
906 2265 910 2276 ,

136 2305 282 2404 Copia:
311 2307 492 2405 quodque
509 2307 627 2395 dedit,
648 2333 766 2406 quum
783 2310 897 2396 volet,
917 2310 1000 2408 ipse
1017 2309 1124 2385 seret.

85 2421 165 2496 Vos
183 2421 309 2507 modo,
328 2445 423 2520 quos
443 2433 547 2498 certe
564 2423 668 2497 nullo
686 2436 780 2524 puto
798 2425 954 2499 crimine
972 2425 1094 2513 laesoe,

136 2536 318 2612 Contenti
336 2538 486 2622 nostrie,
504 2537 567 2625 Di,
587 2561 731 2636 precor,
751 2551 832 2614 este
850 2541 973 2614 malis.
1091 2545 1140 2614 70

87 2653 123 2726 N
126 2677 171 2728 ec
188 2663 329 2739 tamen,
348 2665 390 2726 ut
407 2655 531 2727 cuncti
551 2655 730 2730 miserum
749 2677 897 2728 serrare
913 2655 1051 2742 velitiS,

138 2769 251 2854 Quod
270 2769 394 2868 periit,
412 2771 557 2846 salvum
570 2773 652 2869 jam
670 2781 786 2869 caput
804 2795 889 2844 esse
908 2779 1046 2868 potest.

90 2884 145 2958 Ut
162 2907 266 2958 mare
283 2884 466 2983 considet.
485 2887 685 2983 ventisque
703 2884 909 2961 serentibus
927 2894 1025 2972 utar,

141 2999 198 3075 Ut
215 3001 306 3074 mihi
325 3001 511 3100 pareatis3
541 3027 631 3076 num
648 3003 772 3076 minus
790 3002 900 3076 exsul
917 3001 1008 3075 ero?

120 3203 161 3252 5³.
180 3199 432 3268 Mutuumfuoque
439 3203 593 3270 conferreque
643 3211 695 3253 tum
716 3203 835 3253 concitore
856 3218 940 3268 poeec;
963 3201 1017 3251 vide
1035 3201 1066 3252 ed
1085 3201 1145 3254 Hor.

91 3277 227 3341 cedentem]
249 3276 402 3327 Cudeufidno
410 3287 519 3339 veteree;
532 3278 592 3329 forte
642 3275 677 3326 iii.
688 3277 736 3326 Od.
747 3276 773 3326 ii.
783 3295 806 3326 v.
818 3278 858 3326 2⁵.
869 3292 923 3342 eqq.
948 3275 1038 3326 Bone.
1062 3275 1143 3326 Notis-

91 3354 208 3400 cedeertt'e:
230 3350 315 3416 reliqui
333 3352 381 3400 fere
395 3355 536 3409 cadendum,
551 3370 593 3419 pro
642 3353 703 3401 rime
713 3353 782 3402 Jonre
794 3349 901 3401 historie.

91 3427 221 3474 mmmm.
243 3425 334 3474 Mortui
355 3425 419 3474 enim
438 3441 486 3475 non
502 3435 594 3492 ponem
676 3427 715 3474 60.
732 3425 835 3488 Utraque
844 3424 936 3488 turbu]
949 3424 1045 3475 Etcoeli
1056 3433 1080 3474 et
1092 3440 1143 3475 me·

92 3513 116 3546 ee
142 3498 168 3547 in
195 3507 267 3556 terra,
296 3498 339 3547 eed
366 3507 495 3564 ponuntur.
528 3501 593 3565 Iege
643 3497 736 3547 rieDii.
769 3499 841 3547 Men.

93 3571 163 3621 etiem
171 3573 256 3638 sarone
269 3573 409 3638 euofmoue
420 3588 474 3637 qun
485 3588 514 3621 eo
524 3589 591 3640 epec-
675 3573 717 3622 62.
736 3571 763 3622 in
771 3573 818 3622 locu
819 3576 897 3636 jueta,
905 3571 964 3635 tto]
978 3572 1008 3621 In
1017 3570 1142 3621 Ponticam

93 3655 151 3704 tent,
169 3644 198 3696 nt
216 3655 316 3696 mortem
335 3655 490 3712 spontaneam
512 3663 528 3696 e
544 3647 593 3697 vio-
644 3661 718 3695 orem.

93 3718 155 3768 lente
173 3719 314 3783 distinguet.
346 3719 460 3785 Sequenti
478 3736 547 3770 vereu
569 3719 593 3770 in
676 3721 716 3769 67.
730 3718 918 3784 Cornucopia]
935 3718 1088 3775 Mortiemee
1099 3733 1142 3784 po·

93 3792 199 3856 plurimis
215 3795 282 3842 eutitn
296 3796 363 3842 humo
382 3811 425 3860 pro
444 3797 532 3844 relide:
549 3795 593 3844 hoc
644 3801 726 3850 testes,
742 3809 796 3860 que
811 3809 886 3860 peuce
906 3792 1025 3841 Ceserem
1041 3799 1086 3850 est,
1099 3791 1144 3839 dcc.

94 3875 136 3926 eet,
150 3867 216 3933 qnod
226 3868 340 3917 Tristium
356 3868 400 3917 lib.
410 3870 443 3918 ir.
454 3869 492 3918 El.
504 3868 538 3918 iii.
553 3869 593 3918 46.
644 3867 715 3917 Cror.

95 3941 158 3998 dicit,
167 3953 255 3991 tectam
265 3947 368 3992 noscenti
379 3945 479 3992 humum.
503 3943 593 3993 Herus.
676 3943 717 3990 68.
735 3941 844 4006 Quodque
864 3940 948 4004 dedic]
968 3939 1050 3988 Vitem
1071 3951 1144 4002 quern

125 4017 225 4066 celric
235 4018 323 4082 veum]
347 4017 399 4066 Huc
408 4016 503 4084 plurimi
512 4018 593 4084 ecripti
643 4015 702 4064 mihi
712 4017 829 4065 conceeeit
838 4016 970 4081 Augustae.
988 4013 1064 4060 Feret.
1081 4009 1143 4058 Adi·

96 4099 117 4138 et
137 4091 215 4140 editi:
244 4091 312 4148 forn,
334 4091 384 4150 hac,
406 4091 508 4149 scilicet,
531 4091 594 4141 nevi.
644 4099 701 4147 met,
713 4091 806 4155 eripiet.

96 4163 183 4213 Notum
200 4172 245 4222 cet,
259 4181 333 4214 unum
348 4165 528 4231 noxinm‚eeepe
544 4165 594 4215 exi-
678 4165 718 4213 7³.
747 4163 779 4213 Ut
800 4159 1006 4223 meretriciae]
1037 4157 1145 4206 eunucu

97 4235 153 4286 tium
169 4237 231 4296 aliie,
246 4239 331 4289 eedem
347 4239 403 4290 nevi
420 4239 504 4297 vectis,
519 4237 595 4289 credi·
645 4239 755 4290 meliores
771 4255 861 4297 omnes,
879 4245 904 4286 et
925 4251 978 4284 mox
997 4250 1051 4294 uum
1070 4234 1146 4280 mium

705 4319 751 4367 Ln
