2974 5100
277 387 347 455 Ex
371 387 530 456 ΡΟΝΤΟ
554 389 644 456 LIB.
668 391 716 458 11.
739 391 884 460 EPIS'I'.
909 393 957 460 11.
1071 397 1137 462 405

95 553 273 634 Praeterit
289 561 370 660 ipse
389 585 477 637 suos
493 564 618 638 animo
637 565 884 641 Germanicus
902 589 1032 657 annos,
1130 589 1134 596 ·

146 672 183 746 N
186 699 231 749 ec
248 675 355 773 vigor
372 689 431 752 est
448 677 563 753 Drusi
581 681 773 756 nobilitate
791 680 921 756 minor.

94 787 206 864 Adde
220 814 337 864 nurus
352 804 560 892 neptesque
573 794 668 893 pias,
679 807 863 895 natosque
876 808 1066 897 nepotum,
1085 803 1133 874 75

88 937 90 940 ·
145 903 375 1004 Caeteraque
392 908 572 1006 Augustae
589 911 757 984 membm
771 912 895 987 valere
910 913 1067 988 domus:

92 1017 205 1094 Adde
222 1022 474 1122 triumphatos
490 1025 603 1098 modo
615 1025 791 1112 Paeonas,
810 1028 907 1102 adde
926 1029 1044 1127 quieti

146 1135 311 1212 Subdita
326 1149 513 1213 montanae
531 1140 684 1215 brachie
701 1135 911 1217 Dalmatiae.

93 1249 132 1322 N
134 1274 179 1325 ec
192 1253 403 1352 dedignata
419 1266 479 1330 est
495 1258 654 1356 abjectis
674 1258 802 1357 Illyris
819 1257 932 1334 armis
1040 1327 1041 1330 ,

145 1366 364 1445 Caesareum
381 1370 525 1446 famulo
536 1373 673 1448 vertice
690 1373 785 1448 ferre
802 1374 950 1473 pedem.
1082 1377 1130 1450 80

93 1481 181 1581 lpse
199 1509 317 1584 super
332 1509 493 1576 currum,
512 1489 658 1588 placido
676 1489 890 1589 spectabilis
908 1512 983 1575 ore,

142 1597 333 1700 Tempora
349 1602 517 1678 Phoebea
533 1605 674 1703 virgine
692 1628 790 1680 nexa
806 1605 910 1680 tulit:

124 1843 163 1895 73.
175 1847 308 1914 Pamin]
327 1850 351 1899 h.
361 1867 383 1900 e.
403 1851 481 1902 tortior
499 1861 524 1902 et
538 1854 588 1903 ani·
670 1854 709 1903 77.
720 1854 834 1918 Pennas]
853 1852 879 1904 h.
895 1867 917 1904 e.
937 1851 1077 1908 Penmnioe,
1093 1851 1129 1900 io·

92 1921 176 1970 mosior
185 1931 230 1982 est,
241 1939 313 1988 quam
327 1939 368 1990 pm
380 1933 451 1976 etate
465 1943 518 1976 sus.
550 1929 589 1978 De
636 1933 736 1994 terprete
757 1929 879 1994 Verpoort.
896 1927 927 1976 de
946 1941 993 1992 quo
1013 1924 1130 1990 triumpho

92 1995 171 2045 sobole
191 1996 297 2062 Augusti
316 1998 405 2050 multus
424 2007 460 2048 est
475 2000 590 2067 Micyllus
636 2000 903 2067 egiteleg1preceda.
916 2001 1034 2050 1.19.tr.
1055 1999 1128 2048 Penes

92 2067 123 2116 ed
140 2068 192 2118 h.l.
210 2071 267 2120 ride
287 2072 359 2121 etiam
374 2069 504 2123 Stemmata
519 2076 589 2125 editt.
634 2074 706 2125 codd.
724 2076 813 2126 Erfurt.
830 2085 855 2125 et
875 2076 961 2126 Barar-
987 2073 1056 2127 Unde
1074 2087 1128 2122 vero

92 2141 169 2192 Taciti
190 2153 215 2192 et
234 2145 340 2194 Suetonii
358 2147 388 2196 ab
409 2147 502 2198 Ernesti
520 2152 551 2200 V·
560 2151 589 2202 C.
638 2150 754 2200 Pannonii
764 2151 842 2199 vocati
858 2150 906 2198 sint
920 2150 1017 2206 Perses,
1033 2146 1126 2196 uncio:

92 2217 211 2268 adornatis
224 2221 360 2285 subjuncta.
387 2222 543 2274 Gemanicus
553 2235 589 2276 est
639 2223 729 2273 Paeorm
747 2223 773 2273 in
792 2223 936 2272 Macedonis
955 2222 1005 2270 noti
1022 2231 1085 2270 suot.
1102 2237 1127 2270 r.

93 2291 155 2342 rrius
175 2294 260 2352 Drusi,
280 2295 356 2345 fratris
376 2297 472 2354 liberii,
492 2300 522 2348 ab
544 2300 588 2350 hoc
638 2297 734 2348 Cellarii
750 2298 817 2348 notit.
831 2296 893 2346 orbis
909 2296 936 2344 ii.
946 2311 968 2344 c.
982 2297 1023 2344 1³.
1035 2295 1127 2360 pero.

88 2366 154 2432 jussu
171 2367 278 2432 Augusti
298 2369 438 2436 adoptetur:
456 2388 509 2421 mox
525 2374 587 2424 Dru-
638 2371 692 2436 (ubi
708 2371 805 2436 insignis
818 2370 884 2419 locus
895 2369 926 2418 de
942 2367 1032 2433 origine
1043 2376 1068 2418 et
1079 2367 1126 2418 ritu

90 2456 130 2489 sus
148 2449 185 2491 est
203 2441 295 2490 'liberii
317 2459 347 2492 ex
368 2444 498 2511 Agrippina
518 2447 587 2506 tilius,
639 2443 900 2494 PeontaeexPsussnia
909 2457 993 2508 neap.
1003 2444 1025 2490 1.
1036 2457 1061 2507 p.
1070 2443 1127 2490 376.

90 2515 156 2580 eujus
165 2532 226 2565 uxor
232 2515 301 2566 Liris
308 2517 361 2575 ruit,
371 2520 506 2570 Germanici
514 2537 587 2572 soror.
630 2535 652 2568 e
666 2519 769 2568 Cellerio
783 2517 951 2584 pretermissas
967 2515 1068 2565 adscribi
1084 2531 1126 2580 po-

91 2589 203 2640 }lssurs.
635 2591 703 2656 test.)
725 2591 825 2641 Salmas.
839 2589 945 2640 exercitt.
958 2588 1021 2637 Plin.
1031 2605 1058 2654 p.
1072 2589 1125 2638 179.

120 2663 160 2712 ⁶15.
170 2664 454 2729 Nurum-neptunum]
463 2668 551 2718 Barac.
561 2679 586 2720 et
634 2665 680 2714 dte.
703 2659 1027 2714 Jemvemvicturle'l'iberli
1040 2659 1126 2710 finibus

90 2736 129 2786 dii
140 2737 195 2787 vide
212 2737 347 2796 Humum,
362 2739 411 2805 qui.
428 2741 461 2790 uti
478 2740 504 2791 in
519 2751 585 2795 textu
634 2738 762 2787 Pannonia
772 2731 1065 2798 nonmtcircumsenpre
1079 2733 1125 2782 Ar-

89 2818 133 2867 est,
145 2827 176 2860 ex
190 2813 291 2876 Argent.
302 2811 390 2878 Scalig.
400 2813 501 2880 aliisque
517 2832 583 2882 repo-
633 2827 680 2876 que
691 2811 720 2861 de
731 2809 824 2876 populis
837 2807 868 2857 ed
881 2806 1012 2874 Rhodopen
1022 2813 1125 2856 mutere

89 2885 389 2942 dinumerasset.
424 2887 514 2953 Neptes
530 2899 584 2940 sunt
632 2893 658 2935 et
674 2883 840 2933 Macedoniarn
857 2879 999 2930 maritimam
1016 2879 1123 2930 habiten-

89 2959 228 3025 Agrippina,
243 2959 380 3009 Germanici
395 2977 462 3018 uxor,
484 2962 534 3012 filia
548 2963 583 3012 Α.
632 2955 812 3020 tibusintelligit
818 2956 889 3005 etiem
895 2955 1014 3004 Getnems
1020 2953 1045 3002 in
1052 2953 1124 3003 Thes.

88 3032 175 3098 grippes
196 3047 226 3082 ex
249 3033 325 3091 Julle,
346 3042 370 3082 et
396 3035 491 3092 Livius,
510 3037 584 3087 Drusi
632 3029 936 3080 LL.sublr.r.nostrum
945 3025 1123 3085 Ovidiilocum.

88 3105 147 3154 filia:
167 3105 211 3155 has
230 3105 291 3156 dicit
305 3109 364 3169 piar,
380 3107 434 3156 h.e.
451 3109 520 3158 officii
536 3125 582 3158 ser-
631 3102 868 3171 utpoetcsvidimus.
894 3100 1006 3150 Hirrus.

88 3188 177 3237 rantes,
195 3195 272 3245 eoque
291 3181 396 3230 excludit
412 3181 502 3232 Juliam
519 3183 583 3248 juni·
663 3180 703 3227 79·
715 3177 896 3242 Necdodigwta
909 3175 962 3238 σπι]
980 3173 1124 3239 Illyriique

88 3269 158 3311 orem,
168 3269 224 3318 que
238 3253 269 3302 ob
285 3253 519 3319 flagitisininsulam
529 3257 582 3306 Tri·
632 3269 679 3318 que
700 3252 743 3301 snb
763 3250 866 3316 Alpibus
886 3249 999 3314 egebant,
1015 3249 1125 3315 imusque

87 3339 175 3376 nerum
186 3326 295 3391 relegste
307 3325 361 3376 luit.
373 3345 397 3376 v.
406 3327 483 3378 Tacit.
493 3328 585 3380 Annal.
632 3327 706 3376 velles
718 3341 807 3381 earum,
818 3333 843 3374 et
852 3321 962 3389 quedam
977 3322 1044 3389 quasi
1056 3323 1123 3374 clae-

88 3400 164 3449 lert.
197 3400 312 3449 Hsunss.
630 3407 679 3449 stra
698 3398 869 3455 custodiebant,
889 3397 996 3463 abruptis
1015 3399 1123 3448 torrenti-

118 3475 233 3538 Cnrorque
242 3475 353 3538 nepotes]
369 3476 462 3534 Culum,
472 3478 581 3537 Lucium,
631 3475 677 3523 bus
692 3472 808 3539 impliciti.
841 3473 871 3522 ln
888 3472 931 3521 hos
949 3469 1123 3538 expeditiorem

87 3557 110 3596 et
119 3547 261 3614 Agrippam,
272 3547 344 3597 Julie
359 3556 384 3598 et
399 3549 510 3616 Agrippe
522 3551 582 3601 filios
630 3548 735 3614 suscepit
752 3547 802 3613 ipse
812 3549 944 3612 Augustus.
955 3545 1051 3612 flerique
1059 3563 1123 3612 pou·

87 3621 201 3687 intellige.
229 3621 277 3671 Vel
291 3621 428 3671 Germanici
440 3624 539 3688 junioris
552 3625 580 3673 li·
631 3629 666 3670 tes
680 3621 812 3687 imperarit.
839 3620 901 3670 Vide
913 3619 1019 3676 Florum,
1033 3620 1075 3670 lib.
1089 3619 1122 3671 ir.

86 3695 152 3744 beros
162 3695 254 3760 accipe,
266 3696 311 3744 sub
323 3703 434 3761 nepotum
445 3697 582 3754 nominent
632 3696 670 3744 12.
692 3695 731 3744 ubi
754 3695 842 3752 Cesar,
859 3693 953 3744 saucius
969 3694 1077 3742 menibus
1097 3703 1122 3742 et

86 3771 164 3818 crebro
175 3769 278 3835 reperies
288 3768 352 3835 apud
363 3778 477 3820 suctores.
629 3770 742 3826 cruribus,
754 3785 797 3818 suo
810 3768 924 3832 sanguine
939 3767 1067 3832 speciosam
1084 3782 1122 3815 re·

117 3843 156 3892 76.
178 3843 310 3906 ceteroque
329 3845 436 3908 Auguste
461 3844 579 3908 membre]
629 3844 685 3893 tulit
693 3843 822 3892 victoriam.

86 3917 129 3964 Per
138 3917 245 3965 membra
255 3916 339 3965 domus
349 3916 473 3981 Augustae,
485 3925 581 3967 caeteros
661 3920 702 3967 80.
724 3918 813 3966 Verttce
824 3916 937 3982 famulo]
960 3913 1044 3978 Capite
1065 3912 1121 3960 sub·

86 3991 227 4056 propinquos
253 3997 278 4039 et
302 3989 430 4039 familiares
460 3991 580 4055 intelligit.
629 3991 693 4040 dito:
712 3991 743 4041 sd
756 3990 828 4056 pedes
838 3989 925 4038 'liberii
940 3993 1119 4051 seprosternere

88 4064 188 4112 licentra
198 4068 284 4119 domm.
300 4064 392 4113 Plinius
401 4064 473 4113 etiam
484 4065 580 4130 elegan-
630 4073 655 4114 et
665 4065 753 4114 victum
763 4064 839 4112 lateri.

86 4145 120 4184 ter
134 4140 229 4187 membra
243 4141 323 4187 domos
336 4138 440 4204 adpellat
450 4149 528 4204 partes
537 4139 578 4188 do-
662 4141 702 4186 82.
713 4139 805 4186 Ptelea
815 4135 887 4199 virg]
906 4134 928 4180 h.
939 4148 961 4181 e.
972 4145 1057 4180 corona
1066 4130 1119 4180 lau·

87 4225 152 4271 mus3
162 4211 187 4260 ii.
198 4213 225 4261 E.
239 4210 269 4259 17
279 4231 285 4274 ;
303 4212 396 4262 Colum.
408 4212 424 4259 i.
435 4215 460 4260 6.
628 4227 676 4262 rea.
693 4209 794 4274 Daphne
805 4210 868 4258 enim
879 4223 893 4255 a
904 4206 995 4256 Plroebo
1006 4212 1084 4256 emate
1094 4204 1121 4256 in

725 4283 748 4330 D
762 4285 802 4330 ⁰3
