<?xml version="1.0" encoding="UTF-8"?>
<!DOCTYPE html PUBLIC "-//W3C//DTD XHTML 1.0 Transitional//EN"
    "http://www.w3.org/TR/xhtml1/DTD/xhtml1-transitional.dtd">
<html xmlns="http://www.w3.org/1999/xhtml" xml:lang="en" lang="en">
 <head>
  <title>
</title>
<meta http-equiv="Content-Type" content="text/html;charset=utf-8" />
  <meta name='ocr-system' content='tesseract 3.04.00' />
  <meta name='ocr-capabilities' content='ocr_page ocr_carea ocr_par ocr_line ocrx_word'/>
</head>
<body>
  <div class='ocr_page' id='page_1' title='image "./povidiinasoniso09burmgoog_0466.png"; bbox 0 0 2972 5110; ppageno 0'>
   <div class='ocr_carea' id='block_1_1' title="bbox 362 359 1119 448">
    <p class='ocr_par' dir='ltr' id='par_1_1' title="bbox 362 359 1119 448">
     <span class='ocr_line' id='line_1_1' title="bbox 362 359 1119 448; baseline -0.015 -11"><span class='ocrx_word' id='word_1_1' title='bbox 362 371 428 448; x_wconf 77' lang='grc' dir='ltr'><strong>Ι516</strong></span> <span class='ocrx_word' id='word_1_2' title='bbox 656 367 695 432; x_wconf 93' lang='grc' dir='ltr'><strong>Ρ.</strong></span> <span class='ocrx_word' id='word_1_3' title='bbox 719 362 882 432; x_wconf 85' lang='lat' dir='ltr'><strong>ovlun</strong></span> <span class='ocrx_word' id='word_1_4' title='bbox 906 359 1119 428; x_wconf 82' lang='lat' dir='ltr'>NASONIS</span> 
     </span>
    </p>
   </div>
   <div class='ocr_carea' id='block_1_2' title="bbox 362 534 1399 2494">
    <p class='ocr_par' dir='ltr' id='par_1_2' title="bbox 362 534 1399 2494">
     <span class='ocr_line' id='line_1_2' title="bbox 365 534 1351 634; baseline -0.012 -14"><span class='ocrx_word' id='word_1_5' title='bbox 365 545 517 620; x_wconf 82' lang='lat' dir='ltr'><strong>Innatat</strong></span> <span class='ocrx_word' id='word_1_6' title='bbox 534 541 636 616; x_wconf 87' lang='lat' dir='ltr'><strong>unda</strong></span> <span class='ocrx_word' id='word_1_7' title='bbox 650 540 746 615; x_wconf 82' lang='lat' dir='ltr'><strong>freto</strong></span> <span class='ocrx_word' id='word_1_8' title='bbox 763 537 898 624; x_wconf 92' lang='lat' dir='ltr'><strong>dulcis,</strong></span> <span class='ocrx_word' id='word_1_9' title='bbox 916 536 1108 634; x_wconf 85' lang='lat' dir='ltr'><strong>leviorque</strong></span> <span class='ocrx_word' id='word_1_10' title='bbox 1126 534 1271 610; x_wconf 84' lang='lat' dir='ltr'><strong>marina</strong></span> <span class='ocrx_word' id='word_1_11' title='bbox 1286 545 1351 622; x_wconf 86' lang='lat' dir='ltr'><strong>est,</strong></span> 
     </span>
     <span class='ocr_line' id='line_1_3' title="bbox 414 650 1314 758; baseline -0.013 -23"><span class='ocrx_word' id='word_1_12' title='bbox 414 661 509 746; x_wconf 84' lang='lat' dir='ltr'><strong>Quae</strong></span> <span class='ocrx_word' id='word_1_13' title='bbox 524 659 715 758; x_wconf 91' lang='lat' dir='ltr'><strong>proprium</strong></span> <span class='ocrx_word' id='word_1_14' title='bbox 733 655 846 729; x_wconf 90' lang='lat' dir='ltr'><strong>misto</strong></span> <span class='ocrx_word' id='word_1_15' title='bbox 863 653 911 728; x_wconf 88' lang='lat' dir='ltr'><strong>de</strong></span> <span class='ocrx_word' id='word_1_16' title='bbox 929 652 1008 726; x_wconf 87' lang='lat' dir='ltr'><strong>sale</strong></span> <span class='ocrx_word' id='word_1_17' title='bbox 1025 650 1174 750; x_wconf 88' lang='lat' dir='ltr'><strong>pondus</strong></span> <span class='ocrx_word' id='word_1_18' title='bbox 1188 651 1314 725; x_wconf 87' lang='lat' dir='ltr'><strong>habet.</strong></span> 
     </span>
     <span class='ocr_line' id='line_1_4' title="bbox 364 767 1397 874; baseline -0.012 -22"><span class='ocrx_word' id='word_1_19' title='bbox 364 777 405 852; x_wconf 90' lang='lat' dir='ltr'><strong>Si</strong></span> <span class='ocrx_word' id='word_1_20' title='bbox 423 786 530 874; x_wconf 88' lang='lat' dir='ltr'><strong>roget</strong></span> <span class='ocrx_word' id='word_1_21' title='bbox 542 776 622 849; x_wconf 79' lang='lat' dir='ltr'><strong>haec</strong></span> <span class='ocrx_word' id='word_1_22' title='bbox 637 771 786 870; x_wconf 72' lang='lat' dir='ltr'><strong>aliquis</strong></span> <span class='ocrx_word' id='word_1_23' title='bbox 805 794 872 843; x_wconf 86' lang='lat' dir='ltr'><strong>eur</strong></span> <span class='ocrx_word' id='word_1_24' title='bbox 889 768 965 843; x_wconf 91' lang='lat' dir='ltr'><strong>siut</strong></span> <span class='ocrx_word' id='word_1_25' title='bbox 982 777 1131 842; x_wconf 86' lang='lat' dir='ltr'><strong>narrata</strong></span> <span class='ocrx_word' id='word_1_26' title='bbox 1148 767 1308 855; x_wconf 89' lang='lat' dir='ltr'><strong>Pedoni,</strong></span> <span class='ocrx_word' id='word_1_27' title='bbox 1356 771 1397 841; x_wconf 82' lang='grc'><strong>65</strong></span> 
     </span>
     <span class='ocr_line' id='line_1_5' title="bbox 413 883 1213 987; baseline -0.011 -22"><span class='ocrx_word' id='word_1_28' title='bbox 413 891 561 976; x_wconf 88' lang='lat' dir='ltr'><strong>Quidve</strong></span> <span class='ocrx_word' id='word_1_29' title='bbox 578 889 682 987; x_wconf 92' lang='lat' dir='ltr'><strong>loqui</strong></span> <span class='ocrx_word' id='word_1_30' title='bbox 700 885 813 961; x_wconf 85' lang='lat' dir='ltr'><strong>certis</strong></span> <span class='ocrx_word' id='word_1_31' title='bbox 826 883 965 982; x_wconf 88' lang='lat' dir='ltr'><strong>juverit</strong></span> <span class='ocrx_word' id='word_1_32' title='bbox 982 883 1056 958; x_wconf 86' lang='lat' dir='ltr'><strong>iste</strong></span> <span class='ocrx_word' id='word_1_33' title='bbox 1071 883 1213 972; x_wconf 87' lang='lat' dir='ltr'><strong>modis;</strong></span> 
     </span>
     <span class='ocr_line' id='line_1_6' title="bbox 363 1000 1227 1101; baseline -0.007 -19"><span class='ocrx_word' id='word_1_34' title='bbox 363 1007 532 1094; x_wconf 90' lang='lat' dir='ltr'><strong>Detinui‚</strong></span> <span class='ocrx_word' id='word_1_35' title='bbox 551 1006 688 1092; x_wconf 88' lang='lat' dir='ltr'><strong>dicam,</strong></span> <span class='ocrx_word' id='word_1_36' title='bbox 707 1015 869 1101; x_wconf 90' lang='lat' dir='ltr'><strong>tempus,</strong></span> <span class='ocrx_word' id='word_1_37' title='bbox 889 1023 1075 1098; x_wconf 85' lang='lat' dir='ltr'><strong>curasque</strong></span> <span class='ocrx_word' id='word_1_38' title='bbox 1091 1000 1227 1076; x_wconf 83' lang='lat' dir='ltr'><strong>fefelli:</strong></span> 
     </span>
     <span class='ocr_line' id='line_1_7' title="bbox 412 1117 1274 1219; baseline -0.008 -21"><span class='ocrx_word' id='word_1_39' title='bbox 412 1123 526 1198; x_wconf 87' lang='lat' dir='ltr'><strong>Hunc</strong></span> <span class='ocrx_word' id='word_1_40' title='bbox 543 1123 706 1196; x_wconf 85' lang='lat' dir='ltr'><strong>fructum</strong></span> <span class='ocrx_word' id='word_1_41' title='bbox 723 1142 890 1219; x_wconf 82' lang='lat' dir='ltr'><strong>praesens</strong></span> <span class='ocrx_word' id='word_1_42' title='bbox 909 1117 1046 1190; x_wconf 88' lang='lat' dir='ltr'><strong>adtulit</strong></span> <span class='ocrx_word' id='word_1_43' title='bbox 1061 1118 1154 1192; x_wconf 86' lang='lat' dir='ltr'><strong>hore</strong></span> <span class='ocrx_word' id='word_1_44' title='bbox 1169 1118 1274 1192; x_wconf 92' lang='lat' dir='ltr'><strong>mihi.</strong></span> 
     </span>
     <span class='ocr_line' id='line_1_8' title="bbox 362 1231 1294 1322; baseline -0.005 -8"><span class='ocrx_word' id='word_1_45' title='bbox 362 1239 562 1314; x_wconf 81' lang='lat' dir='ltr'><strong>Absuimus</strong></span> <span class='ocrx_word' id='word_1_46' title='bbox 581 1237 703 1322; x_wconf 89' lang='lat' dir='ltr'><strong>solitu,</strong></span> <span class='ocrx_word' id='word_1_47' title='bbox 722 1235 812 1308; x_wconf 95' lang='lat' dir='ltr'><strong>dum</strong></span> <span class='ocrx_word' id='word_1_48' title='bbox 830 1231 1029 1306; x_wconf 87' lang='lat' dir='ltr'><strong>scribimus</strong></span> <span class='ocrx_word' id='word_1_49' title='bbox 1047 1233 1131 1320; x_wconf 87' lang='lat' dir='ltr'><strong>ista,</strong></span> <span class='ocrx_word' id='word_1_50' title='bbox 1150 1234 1294 1321; x_wconf 89' lang='lat' dir='ltr'><strong>dolore,</strong></span> 
     </span>
     <span class='ocr_line' id='line_1_9' title="bbox 412 1349 1396 1430; baseline -0.007 -1"><span class='ocrx_word' id='word_1_51' title='bbox 412 1354 459 1429; x_wconf 95' lang='lat' dir='ltr'><strong>In</strong></span> <span class='ocrx_word' id='word_1_52' title='bbox 476 1354 609 1430; x_wconf 92' lang='lat' dir='ltr'><strong>mediis</strong></span> <span class='ocrx_word' id='word_1_53' title='bbox 627 1377 697 1427; x_wconf 90' lang='lat' dir='ltr'><strong>nee</strong></span> <span class='ocrx_word' id='word_1_54' title='bbox 716 1375 784 1424; x_wconf 90' lang='lat' dir='ltr'><strong>nos</strong></span> <span class='ocrx_word' id='word_1_55' title='bbox 803 1349 988 1425; x_wconf 85' lang='lat' dir='ltr'><strong>sensimus</strong></span> <span class='ocrx_word' id='word_1_56' title='bbox 1003 1373 1088 1424; x_wconf 87' lang='lat' dir='ltr'><strong>esse</strong></span> <span class='ocrx_word' id='word_1_57' title='bbox 1107 1350 1228 1424; x_wconf 77' lang='lat' dir='ltr'><strong>Getis,</strong></span> <span class='ocrx_word' id='word_1_58' title='bbox 1358 1355 1396 1423; x_wconf 85' lang='lat'><strong>70</strong></span> 
     </span>
     <span class='ocr_line' id='line_1_10' title="bbox 362 1465 1377 1566; baseline -0.008 -19"><span class='ocrx_word' id='word_1_59' title='bbox 362 1474 415 1547; x_wconf 86' lang='lat' dir='ltr'><strong>At</strong></span> <span class='ocrx_word' id='word_1_60' title='bbox 429 1483 483 1559; x_wconf 92' lang='lat' dir='ltr'><strong>tu,</strong></span> <span class='ocrx_word' id='word_1_61' title='bbox 502 1496 577 1546; x_wconf 92' lang='lat' dir='ltr'><strong>non</strong></span> <span class='ocrx_word' id='word_1_62' title='bbox 593 1470 739 1556; x_wconf 90' lang='lat' dir='ltr'><strong>dubit0,</strong></span> <span class='ocrx_word' id='word_1_63' title='bbox 758 1492 876 1566; x_wconf 91' lang='lat' dir='ltr'><strong>quum</strong></span> <span class='ocrx_word' id='word_1_64' title='bbox 894 1465 1059 1540; x_wconf 84' lang='lat' dir='ltr'><strong>carmine</strong></span> <span class='ocrx_word' id='word_1_65' title='bbox 1075 1465 1224 1541; x_wconf 83' lang='lat' dir='ltr'><strong>Thesea</strong></span> <span class='ocrx_word' id='word_1_66' title='bbox 1240 1466 1377 1554; x_wconf 87' lang='lat' dir='ltr'><strong>laudes,</strong></span> 
     </span>
     <span class='ocr_line' id='line_1_11' title="bbox 413 1584 1101 1683; baseline -0.012 -21"><span class='ocrx_word' id='word_1_67' title='bbox 413 1589 585 1664; x_wconf 84' lang='lat' dir='ltr'><strong>Materiae</strong></span> <span class='ocrx_word' id='word_1_68' title='bbox 602 1587 734 1661; x_wconf 89' lang='lat' dir='ltr'><strong>titulos</strong></span> <span class='ocrx_word' id='word_1_69' title='bbox 752 1584 844 1683; x_wconf 91' lang='lat' dir='ltr'><strong>quin</strong></span> <span class='ocrx_word' id='word_1_70' title='bbox 860 1594 988 1657; x_wconf 84' lang='lat' dir='ltr'><strong>tueare</strong></span> <span class='ocrx_word' id='word_1_71' title='bbox 1005 1591 1101 1670; x_wconf 83' lang='lat' dir='ltr'><strong>tuae;</strong></span> 
     </span>
     <span class='ocr_line' id='line_1_12' title="bbox 363 1698 1399 1805; baseline -0.01 -25"><span class='ocrx_word' id='word_1_72' title='bbox 363 1705 564 1805; x_wconf 86' lang='lat' dir='ltr'><strong>Quemque</strong></span> <span class='ocrx_word' id='word_1_73' title='bbox 581 1702 709 1790; x_wconf 81' lang='lat' dir='ltr'><strong>refers,</strong></span> <span class='ocrx_word' id='word_1_74' title='bbox 724 1700 869 1775; x_wconf 88' lang='lat' dir='ltr'><strong>imitere</strong></span> <span class='ocrx_word' id='word_1_75' title='bbox 882 1700 1000 1772; x_wconf 87' lang='lat' dir='ltr'><strong>virum</strong></span> <span class='ocrx_word' id='word_1_76' title='bbox 1014 1722 1023 1771; x_wconf 92' lang='lat'>:</span> <span class='ocrx_word' id='word_1_77' title='bbox 1042 1707 1145 1772; x_wconf 84' lang='lat' dir='ltr'><strong>vetat</strong></span> <span class='ocrx_word' id='word_1_78' title='bbox 1162 1698 1224 1772; x_wconf 91' lang='lat' dir='ltr'><strong>ille</strong></span> <span class='ocrx_word' id='word_1_79' title='bbox 1242 1699 1399 1798; x_wconf 83' lang='lat' dir='ltr'><strong>prolecto</strong></span> 
     </span>
     <span class='ocr_line' id='line_1_13' title="bbox 412 1813 1259 1918; baseline -0.007 -24"><span class='ocrx_word' id='word_1_80' title='bbox 412 1819 621 1918; x_wconf 85' lang='lat' dir='ltr'><strong>Tranquilli</strong></span> <span class='ocrx_word' id='word_1_81' title='bbox 640 1819 816 1893; x_wconf 89' lang='lat' dir='ltr'><strong>comitem</strong></span> <span class='ocrx_word' id='word_1_82' title='bbox 833 1813 1013 1914; x_wconf 88' lang='lat' dir='ltr'><strong>temporis</strong></span> <span class='ocrx_word' id='word_1_83' title='bbox 1030 1839 1115 1889; x_wconf 90' lang='lat' dir='ltr'><strong>esse</strong></span> <span class='ocrx_word' id='word_1_84' title='bbox 1131 1813 1259 1888; x_wconf 87' lang='lat' dir='ltr'><strong>fidem.</strong></span> 
     </span>
     <span class='ocr_line' id='line_1_14' title="bbox 363 1929 1379 2036; baseline -0.008 -25"><span class='ocrx_word' id='word_1_85' title='bbox 363 1936 439 2021; x_wconf 91' lang='lat' dir='ltr'><strong>Qui</strong></span> <span class='ocrx_word' id='word_1_86' title='bbox 456 1957 675 2036; x_wconf 84' lang='lat' dir='ltr'><strong>quanquam</strong></span> <span class='ocrx_word' id='word_1_87' title='bbox 693 1943 752 2006; x_wconf 90' lang='lat' dir='ltr'><strong>est</strong></span> <span class='ocrx_word' id='word_1_88' title='bbox 769 1931 879 2006; x_wconf 86' lang='lat' dir='ltr'><strong>factis</strong></span> <span class='ocrx_word' id='word_1_89' title='bbox 897 1929 1042 2027; x_wconf 77' lang='lat' dir='ltr'><strong>ingene,</strong></span> <span class='ocrx_word' id='word_1_90' title='bbox 1062 1940 1102 2004; x_wconf 88' lang='lat' dir='ltr'><strong>et</strong></span> <span class='ocrx_word' id='word_1_91' title='bbox 1119 1929 1293 2005; x_wconf 91' lang='lat' dir='ltr'><strong>conditur</strong></span> <span class='ocrx_word' id='word_1_92' title='bbox 1309 1940 1379 2004; x_wconf 90' lang='lat' dir='ltr'><strong>ate</strong></span> 
     </span>
     <span class='ocr_line' id='line_1_15' title="bbox 413 2048 1399 2148; baseline -0.005 -23"><span class='ocrx_word' id='word_1_93' title='bbox 413 2051 480 2125; x_wconf 93' lang='lat' dir='ltr'><strong>Vir</strong></span> <span class='ocrx_word' id='word_1_94' title='bbox 496 2060 614 2137; x_wconf 87' lang='lat' dir='ltr'><strong>tanto,</strong></span> <span class='ocrx_word' id='word_1_95' title='bbox 633 2059 777 2148; x_wconf 89' lang='lat' dir='ltr'><strong>quanto</strong></span> <span class='ocrx_word' id='word_1_96' title='bbox 794 2048 928 2121; x_wconf 90' lang='lat' dir='ltr'><strong>debuit</strong></span> <span class='ocrx_word' id='word_1_97' title='bbox 945 2071 1008 2122; x_wconf 91' lang='lat' dir='ltr'><strong>ore</strong></span> <span class='ocrx_word' id='word_1_98' title='bbox 1026 2049 1132 2136; x_wconf 87' lang='lat' dir='ltr'><strong>cani;</strong></span> <span class='ocrx_word' id='word_1_99' title='bbox 1359 2051 1399 2120; x_wconf 90' lang='grc'><strong>76</strong></span> 
     </span>
     <span class='ocr_line' id='line_1_16' title="bbox 364 2162 1268 2263; baseline -0.006 -21"><span class='ocrx_word' id='word_1_100' title='bbox 364 2167 436 2242; x_wconf 90' lang='lat' dir='ltr'><strong>Est</strong></span> <span class='ocrx_word' id='word_1_101' title='bbox 452 2177 579 2243; x_wconf 85' lang='lat' dir='ltr'><strong>tamen</strong></span> <span class='ocrx_word' id='word_1_102' title='bbox 596 2191 645 2242; x_wconf 84' lang='lat' dir='ltr'><strong>ex</strong></span> <span class='ocrx_word' id='word_1_103' title='bbox 663 2166 727 2239; x_wconf 92' lang='lat' dir='ltr'><strong>illo</strong></span> <span class='ocrx_word' id='word_1_104' title='bbox 746 2164 854 2239; x_wconf 90' lang='lat' dir='ltr'><strong>nobis</strong></span> <span class='ocrx_word' id='word_1_105' title='bbox 873 2162 1055 2239; x_wconf 85' lang='lat' dir='ltr'><strong>imitabile</strong></span> <span class='ocrx_word' id='word_1_106' title='bbox 1072 2163 1268 2263; x_wconf 87' lang='lat' dir='ltr'><strong>quiddam,</strong></span> 
     </span>
     <span class='ocr_line' id='line_1_17' title="bbox 414 2278 1252 2382; baseline -0.002 -25"><span class='ocrx_word' id='word_1_107' title='bbox 414 2282 537 2382; x_wconf 91' lang='lat' dir='ltr'><strong>Inque</strong></span> <span class='ocrx_word' id='word_1_108' title='bbox 553 2283 628 2357; x_wconf 90' lang='lat' dir='ltr'><strong>fide</strong></span> <span class='ocrx_word' id='word_1_109' title='bbox 646 2281 816 2355; x_wconf 88' lang='lat' dir='ltr'><strong>Theseus</strong></span> <span class='ocrx_word' id='word_1_110' title='bbox 834 2278 994 2378; x_wconf 90' lang='lat' dir='ltr'><strong>quilibet</strong></span> <span class='ocrx_word' id='word_1_111' title='bbox 1010 2302 1095 2354; x_wconf 85' lang='lat' dir='ltr'><strong>esse</strong></span> <span class='ocrx_word' id='word_1_112' title='bbox 1112 2290 1252 2378; x_wconf 88' lang='lat' dir='ltr'><strong>potest.</strong></span> 
     </span>
     <span class='ocr_line' id='line_1_18' title="bbox 365 2395 1311 2494; baseline -0.003 -19"><span class='ocrx_word' id='word_1_113' title='bbox 365 2399 452 2475; x_wconf 88' lang='lat' dir='ltr'><strong>Non</strong></span> <span class='ocrx_word' id='word_1_114' title='bbox 469 2399 539 2474; x_wconf 89' lang='lat' dir='ltr'><strong>tibi</strong></span> <span class='ocrx_word' id='word_1_115' title='bbox 557 2411 645 2474; x_wconf 89' lang='lat' dir='ltr'><strong>sunt</strong></span> <span class='ocrx_word' id='word_1_116' title='bbox 661 2399 790 2472; x_wconf 88' lang='lat' dir='ltr'><strong>hostes</strong></span> <span class='ocrx_word' id='word_1_117' title='bbox 808 2396 905 2470; x_wconf 81' lang='lat' dir='ltr'><strong>ferro</strong></span> <span class='ocrx_word' id='word_1_118' title='bbox 921 2395 1103 2494; x_wconf 85' lang='lat' dir='ltr'><strong>clavaque</strong></span> <span class='ocrx_word' id='word_1_119' title='bbox 1120 2396 1311 2486; x_wconf 92' lang='lat' dir='ltr'><strong>domandi,</strong></span> 
     </span>
    </p>
   </div>
   <div class='ocr_carea' id='block_1_3' title="bbox 413 2485 1473 2616">
    <p class='ocr_par' dir='ltr' id='par_1_3' title="bbox 413 2485 1473 2616">
     <span class='ocr_line' id='line_1_19' title="bbox 413 2485 1473 2616; baseline -0.006 -24"><span class='ocrx_word' id='word_1_120' title='bbox 413 2516 488 2592; x_wconf 90' lang='lat' dir='ltr'><strong>Per</strong></span> <span class='ocrx_word' id='word_1_121' title='bbox 505 2540 603 2616; x_wconf 88' lang='lat' dir='ltr'><strong>quos</strong></span> <span class='ocrx_word' id='word_1_122' title='bbox 619 2513 683 2590; x_wconf 85' lang='lat' dir='ltr'><strong>vix</strong></span> <span class='ocrx_word' id='word_1_123' title='bbox 701 2513 769 2588; x_wconf 95' lang='lat' dir='ltr'><strong>ulli</strong></span> <span class='ocrx_word' id='word_1_124' title='bbox 786 2512 937 2612; x_wconf 86' lang='lat' dir='ltr'><strong>pervius</strong></span> <span class='ocrx_word' id='word_1_125' title='bbox 955 2511 1121 2587; x_wconf 89' lang='lat' dir='ltr'><strong>Isthmos</strong></span> <span class='ocrx_word' id='word_1_126' title='bbox 1139 2525 1240 2588; x_wconf 89' lang='lat' dir='ltr'><strong>erat:</strong></span> <span class='ocrx_word' id='word_1_127' title='bbox 1360 2519 1402 2588; x_wconf 77' lang='lat'><strong>80</strong></span> <span class='ocrx_word' id='word_1_128' title='bbox 1472 2485 1473 2489; x_wconf 7' lang='grc' dir='ltr'><strong>Ἰ</strong></span> 
     </span>
    </p>
   </div>
   <div class='ocr_carea' id='block_1_4' title="bbox 360 2749 1402 4078">
    <p class='ocr_par' dir='ltr' id='par_1_4' title="bbox 360 2749 1402 4078">
     <span class='ocr_line' id='line_1_20' title="bbox 394 2749 1153 2820; baseline -0.004 -18"><span class='ocrx_word' id='word_1_129' title='bbox 394 2753 435 2803; x_wconf 81' lang='lat'><strong>6³.</strong></span> <span class='ocrx_word' id='word_1_130' title='bbox 455 2752 525 2803; x_wconf 73' lang='lat' dir='ltr'><strong>Unde</strong></span> <span class='ocrx_word' id='word_1_131' title='bbox 543 2753 639 2818; x_wconf 76' lang='lat' dir='ltr'><strong>duleis]</strong></span> <span class='ocrx_word' id='word_1_132' title='bbox 665 2753 737 2820; x_wconf 78' lang='lat' dir='ltr'><strong>Aque</strong></span> <span class='ocrx_word' id='word_1_133' title='bbox 753 2751 864 2802; x_wconf 77' lang='lat' dir='ltr'><strong>fluvialis.</strong></span> <span class='ocrx_word' id='word_1_134' title='bbox 914 2749 972 2800; x_wconf 85' lang='lat' dir='ltr'><strong>mihi</strong></span> <span class='ocrx_word' id='word_1_135' title='bbox 983 2751 1060 2801; x_wconf 73' lang='lat' dir='ltr'><strong>amieo</strong></span> <span class='ocrx_word' id='word_1_136' title='bbox 1071 2749 1153 2800; x_wconf 78' lang='lat' dir='ltr'><strong>fidum.</strong></span> 
     </span>
     <span class='ocr_line' id='line_1_21' title="bbox 363 2825 1401 2893; baseline -0.006 -15"><span class='ocrx_word' id='word_1_137' title='bbox 363 2829 488 2893; x_wconf 73' lang='lat' dir='ltr'><strong>leviorque</strong></span> <span class='ocrx_word' id='word_1_138' title='bbox 506 2833 596 2878; x_wconf 77' lang='lat' dir='ltr'><strong>merim</strong></span> <span class='ocrx_word' id='word_1_139' title='bbox 615 2840 658 2878; x_wconf 84' lang='lat' dir='ltr'><strong>est.</strong></span> <span class='ocrx_word' id='word_1_140' title='bbox 696 2829 801 2878; x_wconf 74' lang='lat' dir='ltr'><strong>Cenum</strong></span> <span class='ocrx_word' id='word_1_141' title='bbox 822 2827 864 2876; x_wconf 79' lang='lat' dir='ltr'><strong>sd-</strong></span> <span class='ocrx_word' id='word_1_142' title='bbox 947 2827 987 2876; x_wconf 80' lang='lat'><strong>⁷5.</strong></span> <span class='ocrx_word' id='word_1_143' title='bbox 1005 2825 1176 2890; x_wconf 78' lang='lat' dir='ltr'><strong>Eteenditur.]</strong></span> <span class='ocrx_word' id='word_1_144' title='bbox 1194 2825 1274 2876; x_wconf 80' lang='lat' dir='ltr'><strong>Recte</strong></span> <span class='ocrx_word' id='word_1_145' title='bbox 1288 2829 1401 2884; x_wconf 57' lang='lat' dir='ltr'><strong>auduus,-</strong></span> 
     </span>
     <span class='ocr_line' id='line_1_22' title="bbox 362 2901 1402 2970; baseline -0.002 -18"><span class='ocrx_word' id='word_1_146' title='bbox 362 2903 449 2968; x_wconf 74' lang='lat' dir='ltr'><strong>siguat</strong></span> <span class='ocrx_word' id='word_1_147' title='bbox 458 2919 531 2968; x_wconf 76' lang='lat' dir='ltr'><strong>quere</strong></span> <span class='ocrx_word' id='word_1_148' title='bbox 539 2903 686 2968; x_wconf 82' lang='lat' dir='ltr'><strong>squsdulcis</strong></span> <span class='ocrx_word' id='word_1_149' title='bbox 695 2903 863 2970; x_wconf 80' lang='lat' dir='ltr'><strong>inustetsquss</strong></span> <span class='ocrx_word' id='word_1_150' title='bbox 914 2902 1034 2950; x_wconf 82' lang='lat' dir='ltr'><strong>nonenim</strong></span> <span class='ocrx_word' id='word_1_151' title='bbox 1046 2901 1139 2950; x_wconf 85' lang='lat' dir='ltr'><strong>videtur</strong></span> <span class='ocrx_word' id='word_1_152' title='bbox 1152 2901 1291 2950; x_wconf 74' lang='lat' dir='ltr'><strong>absolvisse.</strong></span> <span class='ocrx_word' id='word_1_153' title='bbox 1322 2902 1402 2950; x_wconf 72' lang='lat' dir='ltr'><strong>Huius.</strong></span> 
     </span>
     <span class='ocr_line' id='line_1_23' title="bbox 363 2975 1399 3043; baseline -0.002 -17"><span class='ocrx_word' id='word_1_154' title='bbox 363 2976 469 3034; x_wconf 81' lang='lat' dir='ltr'><strong>rneriner,</strong></span> <span class='ocrx_word' id='word_1_155' title='bbox 480 2976 538 3043; x_wconf 80' lang='lat' dir='ltr'><strong>quis</strong></span> <span class='ocrx_word' id='word_1_156' title='bbox 547 2976 590 3026; x_wconf 81' lang='lat' dir='ltr'><strong>ille</strong></span> <span class='ocrx_word' id='word_1_157' title='bbox 599 2975 673 3026; x_wconf 86' lang='lat' dir='ltr'><strong>levior</strong></span> <span class='ocrx_word' id='word_1_158' title='bbox 683 2987 728 3026; x_wconf 83' lang='lat' dir='ltr'><strong>est.</strong></span> <span class='ocrx_word' id='word_1_159' title='bbox 946 2975 985 3024; x_wconf 90' lang='grc'><strong>77.</strong></span> <span class='ocrx_word' id='word_1_160' title='bbox 1004 2975 1046 3024; x_wconf 83' lang='lat' dir='ltr'><strong>Est</strong></span> <span class='ocrx_word' id='word_1_161' title='bbox 1064 2985 1137 3024; x_wconf 74' lang='lat' dir='ltr'><strong>tmen</strong></span> <span class='ocrx_word' id='word_1_162' title='bbox 1153 2977 1262 3040; x_wconf 71' lang='lat' dir='ltr'><strong>qm&#39;ddm</strong></span> <span class='ocrx_word' id='word_1_163' title='bbox 1278 2975 1399 3039; x_wconf 58' lang='lat' dir='ltr'><strong>imitabile]</strong></span> 
     </span>
     <span class='ocr_line' id='line_1_24' title="bbox 395 3047 1401 3116; baseline 0 -18"><span class='ocrx_word' id='word_1_164' title='bbox 395 3049 435 3098; x_wconf 79' lang='lat'><strong>6⁴.</strong></span> <span class='ocrx_word' id='word_1_165' title='bbox 449 3049 504 3104; x_wconf 77' lang='lat' dir='ltr'><strong>Qut</strong></span> <span class='ocrx_word' id='word_1_166' title='bbox 513 3053 631 3112; x_wconf 72' lang='lat' dir='ltr'><strong>preprium</strong></span> <span class='ocrx_word' id='word_1_167' title='bbox 639 3055 707 3099; x_wconf 76' lang='lat' dir='ltr'><strong>miste</strong></span> <span class='ocrx_word' id='word_1_168' title='bbox 716 3053 744 3099; x_wconf 84' lang='lat' dir='ltr'><strong>de</strong></span> <span class='ocrx_word' id='word_1_169' title='bbox 753 3051 799 3096; x_wconf 81' lang='lat' dir='ltr'><strong>sele</strong></span> <span class='ocrx_word' id='word_1_170' title='bbox 808 3067 863 3112; x_wconf 77' lang='lat' dir='ltr'><strong>pon·</strong></span> <span class='ocrx_word' id='word_1_171' title='bbox 913 3048 955 3097; x_wconf 74' lang='lat' dir='ltr'><strong>Est</strong></span> <span class='ocrx_word' id='word_1_172' title='bbox 976 3055 1056 3098; x_wconf 75' lang='lat' dir='ltr'><strong>tamen</strong></span> <span class='ocrx_word' id='word_1_173' title='bbox 1074 3047 1166 3114; x_wconf 71' lang='lat' dir='ltr'><strong>aliquid</strong></span> <span class='ocrx_word' id='word_1_174' title='bbox 1186 3049 1211 3098; x_wconf 85' lang='lat' dir='ltr'><strong>in</strong></span> <span class='ocrx_word' id='word_1_175' title='bbox 1231 3065 1279 3116; x_wconf 83' lang='lat' dir='ltr'><strong>qun</strong></span> <span class='ocrx_word' id='word_1_176' title='bbox 1295 3049 1401 3100; x_wconf 80' lang='lat' dir='ltr'><strong>&#39;lheseurn</strong></span> 
     </span>
     <span class='ocr_line' id='line_1_25' title="bbox 361 3121 1141 3188; baseline 0 -16"><span class='ocrx_word' id='word_1_177' title='bbox 361 3125 405 3172; x_wconf 83' lang='lat' dir='ltr'><strong>dur</strong></span> <span class='ocrx_word' id='word_1_178' title='bbox 416 3121 520 3186; x_wconf 68' lang='lat' dir='ltr'><strong>tatem]</strong></span> <span class='ocrx_word' id='word_1_179' title='bbox 540 3124 601 3182; x_wconf 81' lang='lat' dir='ltr'><strong>Ques</strong></span> <span class='ocrx_word' id='word_1_180' title='bbox 612 3138 674 3188; x_wconf 77' lang='lat' dir='ltr'><strong>aque</strong></span> <span class='ocrx_word' id='word_1_181' title='bbox 685 3123 776 3171; x_wconf 83' lang='lat' dir='ltr'><strong>marina</strong></span> <span class='ocrx_word' id='word_1_182' title='bbox 788 3121 862 3171; x_wconf 83' lang='lat' dir='ltr'><strong>habet</strong></span> <span class='ocrx_word' id='word_1_183' title='bbox 912 3121 998 3172; x_wconf 78' lang='lat' dir='ltr'><strong>imitari</strong></span> <span class='ocrx_word' id='word_1_184' title='bbox 1010 3139 1141 3188; x_wconf 61' lang='lat' dir='ltr'><strong>ponamus.</strong></span> 
     </span>
     <span class='ocr_line' id='line_1_26' title="bbox 361 3195 1401 3264; baseline 0.004 -20"><span class='ocrx_word' id='word_1_185' title='bbox 361 3195 513 3260; x_wconf 73' lang='lat' dir='ltr'><strong>gravedinem</strong></span> <span class='ocrx_word' id='word_1_186' title='bbox 534 3195 601 3244; x_wconf 79' lang='lat' dir='ltr'><strong>illum</strong></span> <span class='ocrx_word' id='word_1_187' title='bbox 621 3196 739 3262; x_wconf 76' lang='lat' dir='ltr'><strong>propriam</strong></span> <span class='ocrx_word' id='word_1_188' title='bbox 760 3197 790 3244; x_wconf 82' lang='lat' dir='ltr'><strong>ab</strong></span> <span class='ocrx_word' id='word_1_189' title='bbox 811 3195 862 3260; x_wconf 85' lang='lat' dir='ltr'><strong>ipso</strong></span> <span class='ocrx_word' id='word_1_190' title='bbox 944 3196 984 3246; x_wconf 85' lang='grc'><strong>78.</strong></span> <span class='ocrx_word' id='word_1_191' title='bbox 1001 3198 1073 3262; x_wconf 77' lang='lat' dir='ltr'><strong>luqsu</strong></span> <span class='ocrx_word' id='word_1_192' title='bbox 1083 3201 1134 3262; x_wconf 81' lang='lat' dir='ltr'><strong>fide</strong></span> <span class='ocrx_word' id='word_1_193' title='bbox 1150 3199 1246 3248; x_wconf 74' lang='lat' dir='ltr'><strong>Theseu</strong></span> <span class='ocrx_word' id='word_1_194' title='bbox 1260 3203 1351 3264; x_wconf 75' lang='lat' dir='ltr'><strong>quilibet</strong></span> <span class='ocrx_word' id='word_1_195' title='bbox 1364 3216 1401 3248; x_wconf 80' lang='lat' dir='ltr'><strong>esse</strong></span> 
     </span>
     <span class='ocr_line' id='line_1_27' title="bbox 362 3269 1400 3338; baseline 0.002 -20"><span class='ocrx_word' id='word_1_196' title='bbox 362 3269 431 3326; x_wconf 75' lang='lat' dir='ltr'><strong>utari,</strong></span> <span class='ocrx_word' id='word_1_197' title='bbox 446 3269 520 3318; x_wconf 82' lang='lat' dir='ltr'><strong>mixtu</strong></span> <span class='ocrx_word' id='word_1_198' title='bbox 538 3277 619 3319; x_wconf 74' lang='lat' dir='ltr'><strong>tumen</strong></span> <span class='ocrx_word' id='word_1_199' title='bbox 636 3270 705 3336; x_wconf 80' lang='lat' dir='ltr'><strong>aquis</strong></span> <span class='ocrx_word' id='word_1_200' title='bbox 722 3269 770 3319; x_wconf 91' lang='lat' dir='ltr'><strong>illis</strong></span> <span class='ocrx_word' id='word_1_201' title='bbox 784 3269 861 3318; x_wconf 89' lang='lat' dir='ltr'><strong>dulci·</strong></span> <span class='ocrx_word' id='word_1_202' title='bbox 910 3271 1002 3335; x_wconf 67' lang='lat' dir='ltr'><strong>putem]</strong></span> <span class='ocrx_word' id='word_1_203' title='bbox 1022 3273 1053 3320; x_wconf 80' lang='lat' dir='ltr'><strong>m</strong></span> <span class='ocrx_word' id='word_1_204' title='bbox 1067 3273 1231 3338; x_wconf 86' lang='lat' dir='ltr'><strong>unusquisque</strong></span> <span class='ocrx_word' id='word_1_205' title='bbox 1248 3274 1276 3322; x_wconf 90' lang='lat' dir='ltr'><strong>in</strong></span> <span class='ocrx_word' id='word_1_206' title='bbox 1291 3291 1369 3330; x_wconf 77' lang='lat' dir='ltr'><strong>more,</strong></span> <span class='ocrx_word' id='word_1_207' title='bbox 1380 3282 1400 3321; x_wconf 84' lang='lat' dir='ltr'><strong>et</strong></span> 
     </span>
     <span class='ocr_line' id='line_1_28' title="bbox 363 3343 1399 3412; baseline 0.003 -21"><span class='ocrx_word' id='word_1_208' title='bbox 363 3343 416 3392; x_wconf 90' lang='lat' dir='ltr'><strong>bus.</strong></span> <span class='ocrx_word' id='word_1_209' title='bbox 911 3345 1203 3412; x_wconf 78' lang='lat' dir='ltr'><strong>tideemicisprestsnds.</strong></span> <span class='ocrx_word' id='word_1_210' title='bbox 1210 3349 1399 3412; x_wconf 81' lang='lat' dir='ltr'><strong>potest&#39;lheseum</strong></span> 
     </span>
     <span class='ocr_line' id='line_1_29' title="bbox 394 3417 1399 3490; baseline 0 -24"><span class='ocrx_word' id='word_1_211' title='bbox 394 3417 434 3466; x_wconf 75' lang='lat'><strong>65.</strong></span> <span class='ocrx_word' id='word_1_212' title='bbox 453 3417 503 3464; x_wconf 79' lang='lat' dir='ltr'><strong>Cur</strong></span> <span class='ocrx_word' id='word_1_213' title='bbox 517 3417 562 3466; x_wconf 79' lang='lat' dir='ltr'><strong>hee</strong></span> <span class='ocrx_word' id='word_1_214' title='bbox 575 3421 621 3466; x_wconf 82' lang='lat' dir='ltr'><strong>sint</strong></span> <span class='ocrx_word' id='word_1_215' title='bbox 637 3427 735 3466; x_wconf 67' lang='lat' dir='ltr'><strong>uenatu</strong></span> <span class='ocrx_word' id='word_1_216' title='bbox 751 3417 859 3482; x_wconf 71' lang='lat' dir='ltr'><strong>Pedoni]</strong></span> <span class='ocrx_word' id='word_1_217' title='bbox 910 3419 1006 3478; x_wconf 77' lang='lat' dir='ltr'><strong>inimi,</strong></span> <span class='ocrx_word' id='word_1_218' title='bbox 1022 3429 1046 3468; x_wconf 91' lang='lat' dir='ltr'><strong>et</strong></span> <span class='ocrx_word' id='word_1_219' title='bbox 1062 3436 1113 3470; x_wconf 81' lang='lat' dir='ltr'><strong>esse</strong></span> <span class='ocrx_word' id='word_1_220' title='bbox 1132 3420 1194 3470; x_wconf 88' lang='lat' dir='ltr'><strong>idern</strong></span> <span class='ocrx_word' id='word_1_221' title='bbox 1215 3423 1282 3485; x_wconf 89' lang='lat' dir='ltr'><strong>quud</strong></span> <span class='ocrx_word' id='word_1_222' title='bbox 1301 3424 1346 3490; x_wconf 87' lang='lat' dir='ltr'><strong>ipse</strong></span> <span class='ocrx_word' id='word_1_223' title='bbox 1363 3419 1399 3470; x_wconf 85' lang='lat' dir='ltr'><strong>luit</strong></span> 
     </span>
     <span class='ocr_line' id='line_1_30' title="bbox 361 3487 1400 3564; baseline 0.003 -26"><span class='ocrx_word' id='word_1_224' title='bbox 361 3489 411 3538; x_wconf 83' lang='lat' dir='ltr'><strong>Cur</strong></span> <span class='ocrx_word' id='word_1_225' title='bbox 421 3487 472 3538; x_wconf 74' lang='lat' dir='ltr'><strong>hae</strong></span> <span class='ocrx_word' id='word_1_226' title='bbox 484 3489 635 3538; x_wconf 79' lang='lat' dir='ltr'><strong>Albinovano</strong></span> <span class='ocrx_word' id='word_1_227' title='bbox 646 3489 745 3539; x_wconf 87' lang='lat' dir='ltr'><strong>Pedoni.</strong></span> <span class='ocrx_word' id='word_1_228' title='bbox 912 3493 1027 3550; x_wconf 83' lang='lat' dir='ltr'><strong>Pirithoo,</strong></span> <span class='ocrx_word' id='word_1_229' title='bbox 1046 3511 1087 3561; x_wconf 86' lang='lat' dir='ltr'><strong>pro</strong></span> <span class='ocrx_word' id='word_1_230' title='bbox 1108 3511 1156 3560; x_wconf 88' lang='lat' dir='ltr'><strong>quo</strong></span> <span class='ocrx_word' id='word_1_231' title='bbox 1173 3495 1283 3548; x_wconf 83' lang='lat' dir='ltr'><strong>&#39;lbeseus</strong></span> <span class='ocrx_word' id='word_1_232' title='bbox 1299 3495 1400 3564; x_wconf 76' lang='lat' dir='ltr'><strong>pugnavit</strong></span> 
     </span>
     <span class='ocr_line' id='line_1_31' title="bbox 395 3565 1144 3628; baseline 0.007 -17"><span class='ocrx_word' id='word_1_233' title='bbox 395 3565 434 3612; x_wconf 87' lang='grc'><strong>71.</strong></span> <span class='ocrx_word' id='word_1_234' title='bbox 451 3565 483 3612; x_wconf 79' lang='lat' dir='ltr'><strong>At</strong></span> <span class='ocrx_word' id='word_1_235' title='bbox 504 3574 538 3620; x_wconf 81' lang='lat' dir='ltr'><strong>tu,</strong></span> <span class='ocrx_word' id='word_1_236' title='bbox 556 3581 601 3612; x_wconf 79' lang='lat' dir='ltr'><strong>non</strong></span> <span class='ocrx_word' id='word_1_237' title='bbox 619 3565 717 3628; x_wconf 72' lang='lat' dir='ltr'><strong>dubita]</strong></span> <span class='ocrx_word' id='word_1_238' title='bbox 736 3565 808 3615; x_wconf 85' lang='lat' dir='ltr'><strong>Nune</strong></span> <span class='ocrx_word' id='word_1_239' title='bbox 830 3565 861 3614; x_wconf 84' lang='lat' dir='ltr'><strong>sd</strong></span> <span class='ocrx_word' id='word_1_240' title='bbox 913 3579 996 3618; x_wconf 80' lang='lat' dir='ltr'><strong>contra</strong></span> <span class='ocrx_word' id='word_1_241' title='bbox 1004 3567 1144 3618; x_wconf 77' lang='lat' dir='ltr'><strong>Centauros.</strong></span> 
     </span>
     <span class='ocr_line' id='line_1_32' title="bbox 365 3636 1400 3708; baseline 0.003 -22"><span class='ocrx_word' id='word_1_242' title='bbox 365 3637 485 3687; x_wconf 87' lang='lat' dir='ltr'><strong>Pedonem</strong></span> <span class='ocrx_word' id='word_1_243' title='bbox 497 3636 567 3686; x_wconf 86' lang='lat' dir='ltr'><strong>vertit</strong></span> <span class='ocrx_word' id='word_1_244' title='bbox 577 3653 717 3695; x_wconf 86' lang='lat' dir='ltr'><strong>sermonem,</strong></span> <span class='ocrx_word' id='word_1_245' title='bbox 725 3639 767 3704; x_wconf 90' lang='lat' dir='ltr'><strong>qui</strong></span> <span class='ocrx_word' id='word_1_246' title='bbox 776 3638 863 3690; x_wconf 81' lang='lat' dir='ltr'><strong>Thesei</strong></span> <span class='ocrx_word' id='word_1_247' title='bbox 946 3643 986 3692; x_wconf 86' lang='grc'><strong>79.</strong></span> <span class='ocrx_word' id='word_1_248' title='bbox 1005 3643 1057 3690; x_wconf 78' lang='lat' dir='ltr'><strong>Non</strong></span> <span class='ocrx_word' id='word_1_249' title='bbox 1069 3644 1110 3690; x_wconf 77' lang='lat' dir='ltr'><strong>tibi</strong></span> <span class='ocrx_word' id='word_1_250' title='bbox 1120 3643 1277 3708; x_wconf 67' lang='lat' dir='ltr'><strong>mathaeus]</strong></span> <span class='ocrx_word' id='word_1_251' title='bbox 1297 3642 1361 3696; x_wconf 84' lang='lat' dir='ltr'><strong>Nulo.</strong></span> <span class='ocrx_word' id='word_1_252' title='bbox 1369 3641 1400 3706; x_wconf 82' lang='lat' dir='ltr'><strong>iu·</strong></span> 
     </span>
     <span class='ocr_line' id='line_1_33' title="bbox 360 3709 1400 3782; baseline 0.004 -22"><span class='ocrx_word' id='word_1_253' title='bbox 360 3719 429 3777; x_wconf 76' lang='lat' dir='ltr'><strong>geste</strong></span> <span class='ocrx_word' id='word_1_254' title='bbox 439 3709 542 3760; x_wconf 79' lang='lat' dir='ltr'><strong>carmine</strong></span> <span class='ocrx_word' id='word_1_255' title='bbox 553 3709 766 3778; x_wconf 80' lang='lat' dir='ltr'><strong>complectebatur.</strong></span> <span class='ocrx_word' id='word_1_256' title='bbox 913 3715 973 3780; x_wconf 90' lang='lat' dir='ltr'><strong>quit,</strong></span> <span class='ocrx_word' id='word_1_257' title='bbox 984 3731 1026 3782; x_wconf 83' lang='lat' dir='ltr'><strong>pro</strong></span> <span class='ocrx_word' id='word_1_258' title='bbox 1042 3731 1080 3765; x_wconf 86' lang='lat' dir='ltr'><strong>me</strong></span> <span class='ocrx_word' id='word_1_259' title='bbox 1097 3733 1196 3782; x_wconf 77' lang='lat' dir='ltr'><strong>pugnes,</strong></span> <span class='ocrx_word' id='word_1_260' title='bbox 1211 3716 1400 3782; x_wconf 81' lang='lat' dir='ltr'><strong>quemadmodum</strong></span> 
     </span>
     <span class='ocr_line' id='line_1_34' title="bbox 393 3783 1194 3856; baseline 0.01 -22"><span class='ocrx_word' id='word_1_261' title='bbox 393 3786 434 3836; x_wconf 76' lang='grc'><strong>77.</strong></span> <span class='ocrx_word' id='word_1_262' title='bbox 453 3785 540 3835; x_wconf 75' lang='lat' dir='ltr'><strong>Titulos</strong></span> <span class='ocrx_word' id='word_1_263' title='bbox 551 3793 597 3834; x_wconf 76' lang='lat' dir='ltr'><strong>tue</strong></span> <span class='ocrx_word' id='word_1_264' title='bbox 611 3783 733 3849; x_wconf 62' lang='lat' dir='ltr'><strong>materie]</strong></span> <span class='ocrx_word' id='word_1_265' title='bbox 753 3785 863 3834; x_wconf 79' lang='lat' dir='ltr'><strong>Virtutes</strong></span> <span class='ocrx_word' id='word_1_266' title='bbox 912 3789 1019 3840; x_wconf 80' lang='lat' dir='ltr'><strong>Theseus</strong></span> <span class='ocrx_word' id='word_1_267' title='bbox 1028 3806 1070 3856; x_wconf 84' lang='lat' dir='ltr'><strong>pro</strong></span> <span class='ocrx_word' id='word_1_268' title='bbox 1081 3789 1194 3840; x_wconf 85' lang='lat' dir='ltr'><strong>Pirithoo.</strong></span> 
     </span>
     <span class='ocr_line' id='line_1_35' title="bbox 361 3857 1398 3928; baseline 0 -18"><span class='ocrx_word' id='word_1_269' title='bbox 361 3869 386 3910; x_wconf 81' lang='lat' dir='ltr'><strong>et</strong></span> <span class='ocrx_word' id='word_1_270' title='bbox 402 3859 474 3910; x_wconf 78' lang='lat' dir='ltr'><strong>fidens</strong></span> <span class='ocrx_word' id='word_1_271' title='bbox 491 3875 548 3925; x_wconf 80' lang='lat' dir='ltr'><strong>erga</strong></span> <span class='ocrx_word' id='word_1_272' title='bbox 564 3857 652 3908; x_wconf 82' lang='lat' dir='ltr'><strong>amieos</strong></span> <span class='ocrx_word' id='word_1_273' title='bbox 669 3859 705 3908; x_wconf 88' lang='lat' dir='ltr'><strong>tui</strong></span> <span class='ocrx_word' id='word_1_274' title='bbox 720 3859 813 3917; x_wconf 86' lang='lat' dir='ltr'><strong>Thesei,</strong></span> <span class='ocrx_word' id='word_1_275' title='bbox 831 3859 862 3910; x_wconf 86' lang='lat' dir='ltr'><strong>de</strong></span> <span class='ocrx_word' id='word_1_276' title='bbox 947 3865 986 3914; x_wconf 85' lang='grc'><strong>80.</strong></span> <span class='ocrx_word' id='word_1_277' title='bbox 1006 3864 1048 3913; x_wconf 76' lang='lat' dir='ltr'><strong>Vix</strong></span> <span class='ocrx_word' id='word_1_278' title='bbox 1062 3867 1108 3913; x_wconf 79' lang='lat' dir='ltr'><strong>alb·</strong></span> <span class='ocrx_word' id='word_1_279' title='bbox 1123 3870 1214 3928; x_wconf 69' lang='lat' dir='ltr'><strong>penius</strong></span> <span class='ocrx_word' id='word_1_280' title='bbox 1230 3867 1324 3915; x_wconf 73' lang='lat' dir='ltr'><strong>isthmos</strong></span> <span class='ocrx_word' id='word_1_281' title='bbox 1338 3861 1398 3925; x_wconf 76' lang='lat' dir='ltr'><strong>ms]</strong></span> 
     </span>
     <span class='ocr_line' id='line_1_36' title="bbox 362 3932 1402 4005; baseline 0.002 -21"><span class='ocrx_word' id='word_1_282' title='bbox 362 3943 517 4001; x_wconf 81' lang='lat' dir='ltr'><strong>quotrsetst.</strong></span> <span class='ocrx_word' id='word_1_283' title='bbox 549 3935 574 3983; x_wconf 91' lang='lat' dir='ltr'><strong>Is</strong></span> <span class='ocrx_word' id='word_1_284' title='bbox 583 3933 646 3984; x_wconf 86' lang='lat' dir='ltr'><strong>enirn</strong></span> <span class='ocrx_word' id='word_1_285' title='bbox 660 3932 792 3982; x_wconf 81' lang='lat' dir='ltr'><strong>Pirithoum</strong></span> <span class='ocrx_word' id='word_1_286' title='bbox 802 3933 861 3984; x_wconf 85' lang='lat' dir='ltr'><strong>diei·</strong></span> <span class='ocrx_word' id='word_1_287' title='bbox 916 3937 964 3987; x_wconf 83' lang='lat' dir='ltr'><strong>Vix</strong></span> <span class='ocrx_word' id='word_1_288' title='bbox 977 3939 1083 3988; x_wconf 82' lang='lat' dir='ltr'><strong>Isthmon</strong></span> <span class='ocrx_word' id='word_1_289' title='bbox 1094 3937 1275 3990; x_wconf 75' lang='lat' dir='ltr'><strong>Corinthiacum</strong></span> <span class='ocrx_word' id='word_1_290' title='bbox 1289 3940 1402 4005; x_wconf 73' lang='lat' dir='ltr'><strong>quisquan</strong></span> 
     </span>
     <span class='ocr_line' id='line_1_37' title="bbox 362 4007 1402 4078; baseline 0.005 -20"><span class='ocrx_word' id='word_1_291' title='bbox 362 4017 401 4058; x_wconf 87' lang='lat' dir='ltr'><strong>tur</strong></span> <span class='ocrx_word' id='word_1_292' title='bbox 418 4009 478 4058; x_wconf 76' lang='lat' dir='ltr'><strong>mire</strong></span> <span class='ocrx_word' id='word_1_293' title='bbox 493 4007 660 4058; x_wconf 81' lang='lat' dir='ltr'><strong>benevolentia</strong></span> <span class='ocrx_word' id='word_1_294' title='bbox 677 4008 814 4074; x_wconf 83' lang='lat' dir='ltr'><strong>complexus</strong></span> <span class='ocrx_word' id='word_1_295' title='bbox 827 4009 865 4058; x_wconf 88' lang='lat' dir='ltr'><strong>iu·</strong></span> <span class='ocrx_word' id='word_1_296' title='bbox 915 4011 980 4062; x_wconf 83' lang='lat' dir='ltr'><strong>edire</strong></span> <span class='ocrx_word' id='word_1_297' title='bbox 996 4021 1096 4078; x_wconf 81' lang='lat' dir='ltr'><strong>putaret.</strong></span> <span class='ocrx_word' id='word_1_298' title='bbox 1129 4013 1249 4077; x_wconf 82' lang='lat' dir='ltr'><strong>Designst</strong></span> <span class='ocrx_word' id='word_1_299' title='bbox 1264 4023 1340 4063; x_wconf 82' lang='lat' dir='ltr'><strong>sutem</strong></span> <span class='ocrx_word' id='word_1_300' title='bbox 1352 4012 1402 4073; x_wconf 73' lang='lat' dir='ltr'>Scy·</span> 
     </span>
    </p>
   </div>
   <div class='ocr_carea' id='block_1_5' title="bbox 363 4082 1402 4214">
    <p class='ocr_par' dir='ltr' id='par_1_5' title="bbox 363 4082 1402 4214">
     <span class='ocr_line' id='line_1_38' title="bbox 363 4082 1402 4152; baseline -0.001 -20"><span class='ocrx_word' id='word_1_301' title='bbox 363 4082 418 4134; x_wconf 84' lang='lat' dir='ltr'><strong>isse.</strong></span> <span class='ocrx_word' id='word_1_302' title='bbox 453 4085 670 4140; x_wconf 79' lang='lat' dir='ltr'><strong>Quintsoeurstue.</strong></span> <span class='ocrx_word' id='word_1_303' title='bbox 703 4083 864 4134; x_wconf 89' lang='lat' dir='ltr'><strong>Curnonde-</strong></span> <span class='ocrx_word' id='word_1_304' title='bbox 915 4087 963 4135; x_wconf 88' lang='lat' dir='ltr'><strong>nim</strong></span> <span class='ocrx_word' id='word_1_305' title='bbox 973 4087 1175 4152; x_wconf 82' lang='lat' dir='ltr'><strong>(velScyronem)</strong></span> <span class='ocrx_word' id='word_1_306' title='bbox 1187 4087 1303 4138; x_wconf 80' lang='lat' dir='ltr'><strong>latronem</strong></span> <span class='ocrx_word' id='word_1_307' title='bbox 1313 4083 1402 4134; x_wconf 76' lang='lat' dir='ltr'><strong>sevissi-</strong></span> 
     </span>
     <span class='ocr_line' id='line_1_39' title="bbox 363 4155 1402 4214; baseline 0.004 -11"><span class='ocrx_word' id='word_1_308' title='bbox 363 4155 440 4205; x_wconf 81' lang='lat' dir='ltr'><strong>lendis</strong></span> <span class='ocrx_word' id='word_1_309' title='bbox 460 4157 529 4208; x_wconf 89' lang='lat' dir='ltr'><strong>illum</strong></span> <span class='ocrx_word' id='word_1_310' title='bbox 549 4157 674 4214; x_wconf 83' lang='lat' dir='ltr'><strong>imitando,</strong></span> <span class='ocrx_word' id='word_1_311' title='bbox 688 4157 823 4208; x_wconf 87' lang='lat' dir='ltr'><strong>exhibendo</strong></span> <span class='ocrx_word' id='word_1_312' title='bbox 840 4167 864 4207; x_wconf 93' lang='lat' dir='ltr'><strong>te</strong></span> <span class='ocrx_word' id='word_1_313' title='bbox 915 4177 988 4210; x_wconf 86' lang='lat' dir='ltr'><strong>mum.</strong></span> <span class='ocrx_word' id='word_1_314' title='bbox 1022 4161 1077 4210; x_wconf 91' lang='lat' dir='ltr'><strong>Duo</strong></span> <span class='ocrx_word' id='word_1_315' title='bbox 1099 4171 1178 4212; x_wconf 85' lang='lat' dir='ltr'><strong>autem</strong></span> <span class='ocrx_word' id='word_1_316' title='bbox 1199 4161 1286 4210; x_wconf 85' lang='lat' dir='ltr'><strong>Istbrni</strong></span> <span class='ocrx_word' id='word_1_317' title='bbox 1309 4160 1402 4210; x_wconf 75' lang='lat' dir='ltr'><strong>celebre·</strong></span> 
     </span>
    </p>
   </div>
   <div class='ocr_carea' id='block_1_6' title="bbox 0 0 1490 5110">
    <p class='ocr_par' dir='ltr' id='par_1_6' title="bbox 0 0 1490 5110">
     <span class='ocr_line' id='line_1_40' title="bbox 0 0 1490 5110; baseline 0 0"><span class='ocrx_word' id='word_1_318' title='bbox 0 0 1490 5110; x_wconf 95' lang='lat' dir='ltr'><strong> </strong></span> 
     </span>
    </p>
   </div>
  </div>
 </body>
</html>
