3030 5108
341 341 496 410 ARTIS
519 340 787 410 AMATORIAE
811 342 903 410 LIB.
927 342 998 410 111.
1160 345 1205 410 86

126 510 183 584 Tu
202 535 388 614 quoque,
409 517 472 592 cui
489 515 648 594 Veneris
666 541 818 594 sensum
835 529 971 592 natura
987 521 1149 616 negavit,

176 626 326 706 Dulcia
344 633 526 708 mendaci
545 633 683 732 gaudia
699 633 798 732 finge
816 649 922 708 suno.

127 741 283 834 Infelix,
304 751 376 822 cui
395 759 523 848 torpet
540 750 658 824 hebes
676 751 781 824 locus
799 751 875 838 ille,
894 753 1022 850 puella
1037 777 1101 844 es;

175 857 267 948 Quo
286 866 442 964 pariter
459 865 601 940 debent
617 865 756 940 semina
772 867 903 965 virque
921 867 1004 942 frui.
1047 863 1052 870 ’
1123 877 1198 946 800

127 975 322 1069 Tantum,¹
334 1007 431 1058 cum
448 982 582 1081 finges,
602 1003 650 1058 ne
668 984 720 1058 sis
738 983 937 1058 manifesta
953 997 1106 1062 caveto:

174 1095 301 1174 Effice
322 1125 398 1200 per
418 1111 562 1174 motum
582 1100 800 1199 luminaque
817 1101 901 1200 ipsa
916 1100 1044 1178 fidem.

125 1211 238 1297 Quod
251 1217 397 1313 juvet:
426 1227 466 1291 et
481 1237 594 1290 voces
612 1227 651 1290 et
667 1215 855 1292 anhelitus
873 1229 1007 1314 arguat
1023 1221 1111 1320 cris.

174 1330 237 1405 Ah
255 1333 412 1432 pudetl
440 1355 596 1407 arcanas
613 1357 701 1433 pars
718 1333 834 1408 habet
851 1334 924 1407 ista
939 1345 1061 1410 notas.

126 1445 281 1523 Gaudia
300 1459 399 1548 post
414 1449 573 1526 Veneris
587 1473 673 1549 quae
691 1459 825 1548 poscet
837 1473 972 1524 munus
991 1463 1192 1540 amantem,

175 1563 271 1664 Ipsa
289 1589 389 1642 suas
408 1567 512 1642 nolet
528 1566 836 1665 pondushabere
853 1589 1000 1665 preces.
1120 1575 1192 1644 806

127 1677 162 1754 N
165 1705 210 1756 ec
227 1683 369 1762 lucem
388 1683 428 1756 in
445 1684 632 1758 thalamos
650 1681 739 1756 tntis
757 1682 915 1758 admitte
930 1681 1115 1760 fenestris.

176 1796 326 1900 Aptius
347 1799 389 1874 in
406 1811 532 1876 vestro
550 1823 707 1898 corpore
724 1799 844 1874 multa
860 1791 999 1874 latent.

129 1911 253 1990 Lusus
272 1917 403 1992 habet
419 1917 555 1991 finem:
584 1915 716 2014 cycnis
733 1914 966 1991 descendere
983 1927 1146 2016 tempus,

176 2031 396 2108 Duxerunt
412 2033 511 2110 collo
529 2032 594 2130 qui
607 2033 702 2129 juga
719 2041 846 2105 nostro
865 2055 946 2106 suo.
1118 2040 1193 2109 810

128 2146 182 2223 Ut
198 2151 408 2248 quondam
421 2152 595 2247 juvenes,
614 2148 668 2223 ita
685 2171 797 2234 nunc,
817 2172 903 2224 mea
919 2149 1041 2238 turba,
1055 2152 1191 2252 puellae

176 2263 409 2342 Inscribant
426 2265 568 2365 spoliis,
589 2263 694 2340 Naso
712 2265 891 2362 magister
907 2277 1000 2342 erat.

157 2483 391 2546 domnedium
402 2483 568 2549 Venerir,&c.]
587 2485 641 2536 Me·
691 2483 793 2534 Veneris
809 2493 939 2550 peractum,
954 2485 1000 2533 dcc.
1031 2484 1079 2534 Sed
1098 2493 1135 2536 est
1152 2485 1192 2536 hic

128 2558 178 2610 ruit
186 2559 218 2610 de
227 2558 372 2626 repetenda
382 2559 476 2608 Venere
488 2559 551 2609 hunc
562 2561 641 2610 locum
690 2556 1092 2624 locastimlliolncmcnetsuimet
1102 2559 1195 2625 deprc-

127 2633 223 2699 exponit
238 2634 287 2683 lnce
306 2633 404 2682 ordine.
440 2633 496 2690 Quae
509 2635 580 2696 poscit
592 2652 642 2683 mu·
684 2627 725 2682 'tio
734 2631 1019 2698 siredonucxpoui,hoe
1029 2633 1115 2682 modo:
1130 2635 1191 2692 Qun

126 2711 353 2776 mpugfflism
361 2707 456 2756 Veneris
462 2709 645 2766 clamantem.
693 2707 771 2774 poscit
785 2713 913 2762 mntem,
925 2705 975 2754 rive
990 2705 1020 2754 ab
1035 2715 1129 2756 amante
1140 2723 1192 2757 mu·

128 2781 186 2839 Qun
194 2783 214 2832 si
222 2783 305 2834 verior
314 2780 437 2848 expositio
443 2791 487 2840 eat,
493 2782 573 2832 malim
583 2799 641 2834 eun·
691 2798 745 2839 nus,
755 2789 809 2848 post
821 2765 909 2846 gaudia
919 2778 1027 2838 Veneris,
1038 2780 1130 2831 scilicet
1139 2796 1192 2848 per·

127 2853 180 2905 dem
196 2857 262 2908 hunc
278 2857 398 2907 ordinem
415 2856 508 2916 inverti,
523 2859 642 2924 verbaque
691 2864 754 2914 acu.
764 2857 810 2904 dre.
826 2855 909 2913 Quare
919 2861 944 2902 ct
954 2853 1017 2904 huuc
1028 2853 1052 2902 iu
1064 2853 1142 2904 medio
1153 2871 1190 2906 re·

128 2927 177 2994 ipa
190 2933 225 2982 nie
240 2930 373 2982 comuni:
392 2931 453 2989 Qun
468 2931 529 2996 petit
542 2929 640 2996 gaudis,
691 2930 835 2996 linquamus.
851 2929 948 2978 Mrcrr.
967 2925 1046 2978 Pouet
1055 2929 1130 2996 prima
1139 2929 1191 2980 edi·
1331 2949 1334 2954 ·

127 3003 471 3074 &antumpnum
479 3005 529 3056 sive
538 3005 641 3057 officinm
691 3005 724 3055 tio
734 3013 759 3058 et
770 3003 876 3072 Regium
890 3003 1085 3072 quieturum.
1100 3005 1192 3060 liuns·
