2982 5118
253 421 326 488 EX
350 423 510 488 ΡΟΝΤΟ
535 423 624 488 LIB.
649 423 711 488 IV.
736 421 882 490 EPIS'l'.
905 420 1009 489 VIII.
1087 423 1163 490 501Ὶ

108 593 129 666 J
133 621 175 668 us
194 597 351 694 aliquod
367 597 509 670 faciunt
526 598 664 671 adfinia
679 598 829 672 vincula
846 599 965 687 nobie,

156 710 253 796 Quae
272 735 422 811 semper
439 724 614 788 maneant
630 715 856 802 illabefacta,
875 739 1018 814 precor.
1105 717 1150 788 10

110 829 207 902 Nam
226 830 296 902 tibi
315 853 399 928 quae
418 833 570 928 conjux,
589 831 720 904 eadem
739 831 829 904 mihi
848 831 924 904 filia
941 855 1048 929 paene
1066 840 1145 904 est:

157 944 209 1018 Et
228 969 314 1044 quae
332 955 370 1020 te
388 969 579 1042 generum,
599 971 659 1022 me
676 958 786 1021 vocat
802 947 866 1020 illa
882 947 1015 1020 virum.

110 1061 194 1136 Heu
211 1062 325 1135 mihil
354 1063 384 1136 si
401 1063 510 1136 lectis
527 1065 670 1138 vultum
687 1074 729 1137 tu
747 1063 915 1138 versibus
934 1063 1016 1135 istis

157 1179 291 1266 DuciS,
311 1187 350 1252 et
367 1179 528 1253 adfinem
547 1190 585 1253 te
600 1179 719 1278 pudet
736 1203 820 1252 esse
837 1177 984 1252 meum!

109 1293 158 1367 At
174 1293 267 1367 nihil
286 1294 346 1367 hic
362 1293 517 1390 dignum
532 1293 672 1393 poteris
690 1293 851 1393 reperire
866 1292 1021 1391 pudore,
1104 1297 1147 1364 15

156 1409 302 1484 Praeter
318 1409 517 1496 fortunam,
537 1432 622 1507 quae
640 1409 730 1482 mihi
748 1433 850 1482 caeca
865 1406 948 1480 suit.

110 1525 184 1601 Seu
203 1549 324 1623 genus
339 1525 531 1614 excutias3
561 1524 722 1622 equites
740 1523 788 1597 ab
806 1522 947 1618 origine
965 1522 1096 1621 prima,

158 1641 293 1740 Usque
312 1665 379 1739 per
395 1640 608 1712 innumeros
626 1639 854 1712 inveniemur
872 1661 983 1712 avos:

110 1756 194 1830 Sive
212 1756 318 1842 velis,
339 1755 402 1852 qui
422 1755 509 1842 sint,
528 1779 650 1830 mores
667 1754 854 1852 inquirere
877 1764 1044 1842 nostros3

156 1871 331 1946 Errorem
349 1870 485 1944 misero
502 1870 671 1957 detrahe,
690 1871 776 1944 labe
793 1880 934 1944 carent.
1098 1875 1147 1942 20

107 1987 163 2061 Tu
180 1989 306 2074 modo,
326 1986 468 2085 siquid
486 1988 546 2085 agi
564 1988 734 2086 sperabis
751 2011 863 2086 posse
881 1986 1081 2086 precando,

156 2103 262 2194 Quos
280 2103 386 2189 colis,
403 2126 518 2177 exora
532 2103 703 2201 supplice
720 2128 812 2177 voce
831 2103 946 2176 Deos

110 2220 156 2292 Dl
173 2221 244 2295 tibi
262 2230 351 2294 sunt
370 2220 499 2294 Caesar
510 2220 681 2318 juvenis;
710 2223 775 2294 tua
792 2220 947 2292 numina
964 2218 1094 2316 placa:

157 2335 240 2411 Hac
259 2347 361 2411 certe
379 2338 483 2411 nulla
499 2348 557 2410 est
574 2337 697 2410 notior
713 2361 777 2412 ara
793 2335 874 2408 tibi.

109 2453 302 2528 Nonsinit
318 2452 383 2527 illa
400 2454 458 2528 sui
475 2478 589 2529 vanas
607 2455 785 2529 antistitis
800 2475 964 2551 unquam
1097 2453 1145 2523 25

154 2567 252 2642 Esse
269 2592 423 2667 preces:
452 2570 589 2645 nostris
607 2571 694 2644 hinc
712 2581 798 2669 pete
815 2570 928 2643 rebus
942 2566 1070 2665 opem.

108 2683 324 2769 Quamlibet
341 2685 478 2782 exigua
497 2686 528 2758 si
546 2711 615 2760 nos
633 2711 679 2762 ea
691 2685 831 2784 juverit
848 2706 949 2768 aura,
1066 2691 1068 2696 “

156 2801 306 2873 Obruta
316 2800 370 2874 ¹<le
390 2800 522 2875 mediis
540 2803 679 2900 cymba
695 2811 864 2897 resurget
881 2798 1002 2897 aquis

107 2917 212 2990 Tunc
231 2941 302 3012 ego
320 2926 404 2992 tura
420 2916 535 2991 seram
553 2917 693 3017 rapidis
712 2917 893 2991 solemnia
910 2915 1091 3000 flammis3

154 3031 218 3120 Et,
236 3033 387 3107 valeant
403 3044 586 3131 quantum
604 3033 768 3119 numina,
787 3032 895 3106 testis
917 3053 993 3104 ero.
1096 3031 1146 3100 30

107 3147 187 3223 Nee
202 3147 272 3221 tibi
290 3147 339 3222 de
358 3148 469 3222 Pario
487 3159 662 3236 statuam,
681 3148 918 3232 Germanice,
935 3145 1119 3243 templum
1140 3151 1141 3154 ’

154 3263 367 3339 Marmore:
396 3264 538 3362 carpsit
554 3290 645 3364 opes
663 3264 727 3338 illa
743 3263 850 3336 ruina
866 3285 981 3335 meas.

139 3451 177 3498 ll.
200 3449 287 3498 Eadem
307 3449 364 3497 milri
380 3449 437 3512 filla
460 3465 523 3511 panc
545 3448 598 3512 erc]
651 3449 734 3514 Usque
754 3463 796 3515 per
816 3463 913 3497 avorum
939 3442 1146 3496 innumerabilium

105 3523 195 3572 Eadem
211 3531 327 3572 uxortua
340 3531 376 3571 est
388 3521 446 3570 mihi
457 3521 525 3586 quasi
535 3521 598 3570 lilia:
650 3522 743 3572 seriem.
756 3531 757 3536 ’

105 3607 140 3646 est
150 3597 214 3647 euim
227 3596 344 3664 privigna,
356 3596 401 3644 hoc
413 3596 514 3654 oscillis
524 3596 601 3646 uxoris
683 3600 724 3646 21.
741 3599 803 3653 Quid
815 3601 855 3663 ogi
869 3597 949 3659 porra]
968 3593 1068 3660 Aliquid
1078 3608 1147 3660 posse

106 3686 173 3721 1⁰0ae-
651 3671 760 3722 obtineri.
787 3672 914 3720 Precando.
930 3669 1027 3719 Orando
1041 3669 1148 3716 Cesarea

138 3756 177 3802 ll.
187 3755 261 3803 Ducis
270 3753 382 3817 uultum]
401 3752 498 3802 Faciem
508 3761 601 3802 contra-
651 3762 694 3812 pro
702 3763 749 3796 rue.

107 3827 150 3885 bis,
161 3837 276 3893 tanquam
286 3825 369 3876 iratus.
684 3821 726 3869 23.
740 3820 773 3868 Dl
781 3822 822 3868 libi
828 3829 882 3868 runt
892 3813 1084 3878 camporum}
1098 3812 1145 3861 Hic

139 3902 177 3950 16.
193 3902 248 3957 Qec
258 3901 315 3950 mibi
325 3899 463 3966 cereofala]
482 3902 542 3960 Qure
555 3916 602 3949 non
651 3905 721 3960 poeta
732 3893 850 3961 exprimit,
861 3893 959 3958 quinam
968 3889 1015 3938 sint
1025 3886 1076 3944 Dii,
1086 3903 1146 3952 quos

107 3976 165 4025 bene
177 3975 243 4033 vidit,
251 3975 354 4040 justene,
368 3989 399 4023 nn
414 3974 494 4038 inique
506 3990 545 4024 rue
558 3973 600 4022 ed-
651 3985 667 4018 a
687 3969 772 4019 Suillio
787 3968 879 4017 dixerat
899 3962 1028 4014 exorandos
1043 3975 1103 4018 esse,
1120 3969 1146 4010 et

106 4049 347 4098 ficeretlantaruina.
651 4043 820 4094 Germanicum
833 4040 908 4089 solum
921 4034 1006 4085 innuit.
1040 4035 1145 4084 Turnu-

140 4125 233 4173 17.Sru
244 4140 317 4189 genus
330 4122 451 4186 caccum]
463 4123 510 4171 Seu
526 4137 599 4186 geue-
649 4121 713 4168 rubra
727 4120 805 4181 ploce.
832 4117 952 4164 venerare
966 4108 1145 4167 Germanicum,

108 4195 138 4246 ris
147 4198 194 4246 mel
204 4196 318 4262 originem
329 4195 472 4246 coroderes.
650 4208 698 4258 quo
709 4200 735 4242 ut
746 4189 841 4239 numine
851 4185 931 4238 uteris.

141 4272 178 4321 18.
207 4270 282 4335 Usque
302 4287 344 4333 per
370 4273 500 4318 innumeros
526 4267 598 4331 com]
682 4268 723 4315 25.
739 4260 923 4386 bibissem
940 4273 982 4308 tra
999 4256 1145 4308 Germanici.

781 4353 796 4384 r
