2982 5118
250 395 322 462 EX
345 395 504 465 ΡΟΝΊῸ
528 395 620 462 LIB.
641 395 704 462 IV.
726 396 871 468 EPIST.
893 395 1024 465 xlv.'
1085 400 1150 468 stt

107 568 225 654 Quem
243 569 307 642 vix
325 570 501 645 incolumi
519 573 657 670 cuique
672 573 851 669 salvoque
868 573 1021 662 daretis,

153 685 192 758 Is
211 685 324 760 datus
343 710 366 761 a
382 687 488 762 vobis
507 699 565 762 est
582 689 674 762 mihi
692 713 813 787 nuper
828 689 960 763 honor.

107 801 204 877 Solis
222 801 347 877 adhuc
366 827 436 900 ego
454 829 538 879 sum
556 805 689 880 vestris
707 805 884 878 immunis
905 805 1048 894 inuris,

153 915 350 1017 Exceptis,
370 919 400 993 si
419 920 484 1017 qui
502 943 658 994 munera
674 920 769 1018 legis
787 919 941 996 habent.

106 1033 294 1133 Tempora
306 1046 453 1110 sacrato
470 1061 555 1111 mea
572 1047 661 1110 sunt
676 1037 800 1110 velata
815 1059 964 1124 corona,
1102 1043 1150 1114 55

154 1149 339 1224 Publicus
355 1150 471 1226 invito
489 1177 603 1250 quam
621 1151 722 1226 favor
740 1151 930 1250 imposuit.

106 1265 229 1350 Quam
247 1278 354 1364 grata
371 1279 431 1343 est
448 1269 562 1367 igitur
578 1269 732 1344 Lutonae
751 1269 864 1343 Delia
881 1271 1007 1358 tellus,

156 1381 306 1456 Erranti
325 1393 448 1457 tutum
466 1410 552 1483 quae
568 1385 675 1460 dedit
693 1409 769 1459 una
785 1385 922 1472 locum,

107 1497 199 1572 Tam
217 1499 309 1572 mihi
326 1523 414 1574 cara
430 1499 579 1592 Tomis;
609 1502 732 1601 patria
749 1525 834 1599 quae
853 1502 944 1578 sede
961 1503 1099 1602 sugatis

155 1612 322 1715 Tempus
341 1617 389 1690 ad
406 1617 478 1690 hoc
497 1617 605 1691 nohis
623 1618 774 1717 hospita
790 1617 867 1692 fida
883 1630 1022 1693 manet.
1102 1626 1151 1696 60

110 1730 159 1805 Di
176 1734 289 1807 modo
306 1733 498 1823 fecissent,
517 1733 677 1834 placidae
696 1759 804 1834 spem
821 1746 954 1833 posset
969 1736 1108 1812 habere

155 1847 282 1937 Pacis,
297 1861 339 1924 et
355 1875 378 1924 a
394 1852 519 1948 gelido
536 1851 683 1949 longius
701 1875 773 1926 axe
791 1851 905 1926 soret!

137 2067 177 2114 54.
196 2065 328 2130 Exceptus·
339 2071 378 2130 qui
392 2085 487 2118 munero
499 2072 554 2136 legis
563 2072 603 2120 ltu-
653 2070 740 2119 Disnae
752 2069 877 2121 nativitate
890 2068 1060 2128 ceutctissima,
1071 2079 1152 2135 poeta·

106 2137 178 2203 lent]
197 2140 311 2206 Exceptis
322 2140 377 2198 illis,
388 2141 430 2207 qui
440 2142 532 2208 legibus
548 2160 604 2193 con·
653 2161 705 2193 rum
712 2141 860 2193 testimoniet
878 2145 919 2192 obi
930 2144 1022 2192 Latona
1031 2159 1070 2194 eos
1081 2160 1153 2210 pepe·

105 2213 180 2262 secuti
191 2223 247 2264 suut
254 2215 435 2273 immunitatem.
442 2233 495 2282 que
503 2218 606 2267 dabatur
653 2218 692 2274 rit,
699 2218 807 2281 Pythone
816 2225 924 2282 stupente
935 2217 1043 2274 liberate,
1050 2226 1077 2266 ut
1085 2217 1153 2268 tabu-

105 2286 149 2346 his,
161 2288 202 2353 qui
211 2289 325 2356 Olympia
336 2289 453 2348 vicissent,
464 2301 488 2340 et
505 2293 545 2357 qui
561 2293 605 2341 eli-
653 2292 732 2340 lentur
742 2299 826 2357 poete.

106 2363 169 2426 quod
184 2364 305 2429 egregium
320 2363 412 2414 lacinus
427 2381 468 2431 pm
483 2365 560 2431 putris
571 2367 604 2414 le·
687 2367 726 2415 58.
739 2365 837 2414 Erronts'
846 2375 921 2412 tutum
931 2365 1000 2428 qum]
1018 2365 1099 2422 Quum
1107 2367 1153 2416 Ju-

105 2437 202 2488 cissent.
227 2438 296 2488 Dicit
306 2455 362 2504 crgo
372 2439 411 2490 hic
422 2440 524 2490 Ovidius
534 2441 605 2491 nullis
655 2455 685 2490 uo
710 2441 825 2490 Latonam
848 2437 971 2501 gravidam
992 2449 1153 2502 cognosceret,

105 2509 207 2576 legibus,
226 2521 269 2562 sut
290 2513 380 2562 meritis
400 2529 425 2563 se
445 2514 605 2564 uTomitanis
653 2511 925 2562 immissocontraillam
936 2511 1045 2577 Pythone
1057 2527 1153 2578 serpen-

105 2585 198 2636 civibus
219 2587 359 2636 adsecutum
381 2587 451 2640 luisse
468 2588 604 2638 immunita·
653 2594 685 2643 te,
702 2601 743 2651 per
760 2600 853 2634 omnem
869 2591 956 2633 terram
970 2593 1095 2650 prosecute
1109 2593 1154 2634 est.

105 2667 167 2708 tem:
185 2677 239 2727 quie
256 2660 346 2710 nemini
362 2675 475 2711 concesse
490 2661 565 2712 lueret
579 2662 604 2711 in
653 2663 713 2718 Quos
732 2659 829 2708 tandem
847 2675 921 2724 quum
942 2658 973 2708 ad
994 2657 1064 2707 litore
1081 2659 1153 2710 maris

104 2735 210 2792 cambe,
222 2734 324 2786 nisibis.
653 2733 1100 2800 pervenissetusororesusceptatuit,
1111 2749 1153 2782 cu-

137 2813 177 2858 55.
196 2810 407 2873 coronamus]
426 2809 604 2860 Coroneexhe-
655 2806 1151 2872 uenteOvidio‚lib.vi.Metamorph3³4=

105 2883 162 2933 dere
179 2885 278 2934 Baccho
295 2900 370 2941 sacra,
385 2900 434 2950 qua
450 2893 526 2950 poete
542 2883 604 2950 elegi
688 2883 798 2930 Orontem
809 2884 894 2945 accepit
906 2891 961 2929 tunc
972 2897 1040 2942 quum
1052 2882 1106 2929 leuis
1116 2885 1153 2930 s'n-

106 2960 289 3010 coronabantur.
718 2958 862 3015 schamat,-
940 2997 941 3000 ,

137 3033 178 3081 56.
196 3033 272 3088 stm
290 3033 395 3096 publicus
407 3030 502 3098 soson]
526 3032 605 3089 Quum
655 3027 910 3093 hocest,Delos,quae
922 3025 1153 3089 alionomincOrty-

106 3120 216 3154 coronam
232 3107 299 3156 lavor
314 3104 418 3154 omnium
429 3103 517 3152 civium
526 3103 605 3154 'l'omi-
653 3106 693 3170 gio
720 3101 814 3152 dicitur.
848 3103 954 3152 Errasti.
992 3102 1031 3150 De
1056 3101 1153 3148 letone·

106 3187 223 3230 tenorum.
654 3177 769 3226 erroribus
778 3177 886 3241 Hymnus
897 3174 993 3224 Homeri
1004 3182 1029 3223 et
1039 3172 1152 3222 Callima-

138 3255 179 3304 ⁶7.
197 3255 298 3312 Lutonae,
314 3253 371 3317 δια]
395 3253 469 3302 Mutri
487 3251 606 3317 Apollinis
654 3249 766 3298 chivide.
800 3250 976 3298 Tutumlocum.
1010 3249 1098 3298 Iocum
1114 3255 1153 3296 tu·

107 3337 132 3378 et
142 3327 238 3379 Dionos.
255 3329 325 3377 Delta
336 3329 410 3376 tellus.
433 3311 510 3376 hem
520 3324 605 3383 insula,
655 3333 705 3374 tum
716 3323 746 3374 ad
756 3322 905 3389 pariendum.

106 3417 161 3469 quos
178 3411 217 3454 est
231 3403 256 3452 in
271 3401 335 3451 Muri
346 3402 431 3468 AEgm,
442 3399 560 3466 Apollinis
577 3415 604 3448 uc
