3064 5104
303 308 348 374 la
593 306 633 371 Ρ.
657 302 822 371 ovum
848 303 1059 371 NASONIS

309 480 408 554 Sunt
423 491 551 553 tamen
567 489 608 552 et
622 479 758 564 doctu,
774 478 963 552 rarissima
977 479 1100 563 turba,
1118 477 1275 575 puellas:

360 595 491 668 Altera
507 617 582 667 nou
597 593 720 667 doctae
738 594 860 678 turba,
879 595 948 668 sad
963 617 1049 668 esse
1065 593 1207 668 volunt.

312 709 483 806 Utraque
500 708 699 782 laudentur
716 731 784 806 per
799 708 982 782 carmina:
1010 709 1177 782 carmina
1193 708 1313 782 lector

362 823 614 898 Commendet
627 823 731 896 dulci
747 823 1038 922 qualiacumque
1055 847 1161 896 sono.

313 939 385 1014 His
402 964 505 1037 ergo,
523 951 590 1014 aut
606 939 692 1026 illis,
709 939 903 1035 vigilatum
920 961 1071 1012 carmen
1088 938 1128 1011 in
1144 938 1261 1035 ipsas,
1280 939 1355 1008 285

364 1055 535 1130 Forsitan
552 1054 680 1151 exigui
696 1055 862 1128 muneris
879 1055 997 1128 instar
1012 1052 1095 1128 erit.

314 1172 377 1258 At,
392 1171 497 1269 quod
514 1170 588 1244 eris
605 1193 674 1268 per
689 1181 728 1244 te
745 1168 929 1258 fuctums;
957 1181 997 1244 et
1012 1169 1105 1242 utile
1117 1167 1255 1252 credis,

365 1285 411 1359 ld
428 1297 495 1360 tua
510 1295 548 1358 te
565 1285 678 1358 facito
695 1307 846 1383 semper
861 1283 983 1358 amica
999 1293 1117 1379 roget.

316 1401 487 1476 Libertas
504 1400 616 1474 alicui
633 1398 745 1474 fuerit
761 1399 948 1497 promissa
962 1409 1131 1484 tuorum;

366 1513 476 1589 Hanc
494 1525 622 1589 tumen
639 1538 663 1588 a
678 1512 831 1587 domina
849 1511 908 1584 fac
926 1523 1032 1611 petat
1047 1511 1110 1585 ille
1127 1511 1204 1584 tua.
1284 1512 1359 1582 290

318 1632 360 1705 Si
377 1653 529 1729 poenam
545 1653 665 1714 servo,
684 1627 716 1700 si
733 1626 883 1700 vincula
898 1651 998 1701 saeva
1010 1626 1181 1714 remittis,

366 1747 480 1830 Quod
496 1744 662 1818 facturus
679 1767 775 1828 eras,
792 1743 932 1817 debeat
947 1743 1011 1817 illa
1026 1742 1108 1816 tibi.

320 1861 474 1934 Utilitas
491 1869 558 1932 tua
574 1857 640 1932 sit:
669 1857 799 1930 titulus
814 1857 974 1932 donetur
990 1857 1133 1930 umicae.

371 1972 495 2046 Perde
510 1971 619 2048 nihil:
647 1981 773 2069 partes
790 1973 855 2046 illa
870 1973 1036 2071 potentis
1053 1983 1153 2068 ngat.

321 2088 400 2162 Sed
412 2097 463 2172 te,
477 2085 703 2181 cuicumque
717 2097 776 2158 est
792 2086 996 2162 retinendas
1010 2111 1102 2160 cura
1117 2085 1268 2185 puellas,
1286 2087 1361 2158 295

372 2199 584 2273 Attonitum
601 2197 719 2272 forma
735 2199 793 2274 fac
811 2212 920 2300 putet
936 2226 1021 2276 esse
1037 2204 1121 2276 sua.

323 2314 501 2390 Sive-erit
517 2313 556 2386 in
572 2313 709 2410 Tyriis,
727 2315 862 2413 Tyrios
879 2317 1049 2392 laudabis
1065 2318 1243 2392 amictus:

373 2428 462 2501 Sive
479 2427 549 2500 erit
566 2427 604 2500 in
622 2428 725 2514 Cois,
746 2429 827 2504 coa
843 2431 978 2506 decere
995 2443 1110 2530 puta:

321 2543 465 2617 Aurata
481 2551 551 2627 est,
570 2541 652 2641 ipso
666 2543 735 2617 tibi
750 2545 799 2618 sit
815 2545 1010 2644 pretiosior
1028 2570 1136 2620 auro:

374 2659 555 2756 Gausapa
570 2659 602 2732 si
619 2659 765 2747 sumsit,
784 2685 953 2762 gausapa
969 2672 1094 2737 sumta
1109 2663 1241 2761 proba.
1290 2667 1366 2736 300

356 2995 415 3043 294.
428 2991 750 3058 Partuillapotentirugut]
763 2997 818 3046 Nou
868 2998 1007 3063 inPropert.
1018 2997 1061 3047 lib.
1069 2997 1088 3046 i.
1100 2999 1212 3064 magni.
1224 3002 1250 3048 2.
1262 3009 1335 3058 uoto,
1343 3010 1368 3050 et

323 3066 400 3136 potnit
425 3065 477 3112 hac
506 3063 638 3128 halitgar
665 3066 818 3119 Gallienum
868 3089 929 3137 quoa
952 3071 985 3120 ui
1008 3069 1105 3120 adducit
1128 3083 1245 3123 auctores.
1278 3076 1369 3124 Buarr.

323 3140 384 3190 illud
394 3135 497 3202 Crispini
513 3151 638 3194 uem,
655 3138 696 3202 qui
712 3146 818 3201 pateatis,
870 3145 966 3209 Ubique
978 3144 1025 3193 lara
1037 3145 1083 3192 Coo
1096 3149 1161 3195 vesu
1170 3163 1213 3211 pro
1223 3148 1369 3214 bombym'na

324 3211 407 3264 divitia
424 3209 537 3275 explicat,
552 3210 620 3274 cnjus
637 3221 674 3259 est
690 3211 756 3270 dare,
774 3233 820 3266 nou
870 3219 1062 3285 ascipitmetin
1073 3219 1109 3268 Co
1119 3220 1291 3270 insulaeadem
1301 3224 1369 3272 bom·

323 3285 442 3350 wipere.
474 3283 535 3340 Quia
549 3283 631 3347 paullo
645 3283 758 3336 literatior
773 3306 821 3340 uun
869 3292 958 3356 byciae
976 3291 1072 3348 fiebant,
1089 3299 1116 3340 ut
1136 3291 1229 3342 Plinius
1245 3293 1326 3352 docet,
1343 3295 1369 3344 ii.

324 3357 447 3422 intelligat
466 3363 569 3404 mentm
584 3357 661 3420 po'e'ta
678 3373 728 3408 me
745 3361 820 3426 hauc3
870 3367 912 3414 2³.
928 3365 1050 3421 Ceterum,
1066 3363 1164 3414 diversa
1182 3367 1268 3417 insulas
1287 3369 1330 3420 Coa
1345 3378 1370 3420 et

324 3435 360 3482 ita
369 3432 422 3480 aar
431 3443 503 3478 neena
519 3437 610 3492 agatur,
621 3439 648 3478 ut
663 3430 705 3479 illa
715 3433 821 3488 videatm
872 3439 935 3486 Ceos.
970 3437 1059 3486 Arrun.

324 3501 820 3574 annianum-reimpetrata.qu
903 3511 962 3558 ³⁰0.
980 3509 1088 3572 Gausapa
1106 3514 1126 3558 ai
1143 3513 1243 3577 ussit]
1274 3515 1369 3580 Agnos-

325 3591 352 3631 w
362 3592 426 3646 ,με
435 3573 586 3656 maedam,
598 3575 642 3624 nisi
658 3575 821 3642 deprecaretur
870 3593 929 3634 cunt
937 3583 1157 3634 triaGrammatici:
1176 3587 1295 3652 Gausapa,
1304 3591 1371 3640 Gua-

326 3668 369 3719 pro
379 3645 638 3706 unoetdmanim
650 3647 822 3717 itaillapotem
870 3674 932 3720 rape,
941 3657 1082 3720 Gausapum.
1101 3659 1371 3714 l'uitveatimentumex

327 3729 359 3776 sit
369 3719 561 3790 apudtesparie.
572 3719 706 3770 cumetiam
714 3723 823 3794 siueejm
872 3730 956 3797 pingui
972 3746 1000 3778 ac
1014 3730 1088 3780 densa
1102 3733 1157 3782 lma
1172 3747 1333 3802 compactum,
1347 3748 1372 3789 er

326 3792 823 3866 proeibmpertehoclrnturmluiuea.
873 3807 1298 3870 exinaniamus-rm,-
1317 3829 1372 3862 uam

328 3875 352 3924 B
874 3876 940 3942 quod
956 3877 1065 3941 utrinque
1077 3879 1145 3927 villoe
1156 3879 1269 3941 habebat,
1284 3887 1373 3946 upti-

353 3887 421 3994 ”aiil
438 3939 490 3987 ssu
506 3941 551 3987 mr
567 3942 592 3987 o·
608 3939 670 3997 cus.
687 3941 733 3991 ca
747 3948 824 3998 aa«.
873 3951 970 3998 mum
992 3965 1068 4013 grace
1094 3950 1184 4001 uerum
1204 3964 1249 4006 at
1270 3957 1374 4017 nrum,

326 4017 408 4086 puta]
427 4012 821 4070 DeCoiamtibutabuudetado·
871 4021 975 4070 vittae
1007 4022 1095 4070 Arna.

329 4109 383 4146 cm
393 4094 502 4157 polemi
512 4085 674 4136 emdlllnlmae
683 4089 823 4144 Blwkltllall
