2988 5116
357 397 423 466 88⁰
647 395 687 460 P.
711 390 873 458 OVIDII
897 391 1107 458 NASONIS

361 572 459 670 Spes
477 569 588 666 igitur
604 567 723 642 menti
739 589 874 666 poenae,
894 565 1079 652 Graecine,
1098 567 1265 641 levandae

409 685 446 758 N
449 709 496 758 on
514 695 574 758 est
589 707 639 758 ex
655 692 736 757 toto
753 682 856 756 nulla
872 681 1003 756 relicta
1020 704 1125 756 meae.

360 801 453 876 Haec
465 798 560 886 Dea,
574 822 692 896 quum
701 797 875 894 sugerent
887 799 1089 872 sceleratas
1101 796 1257 871 numina
1265 807 1391 880 terras,

409 915 455 988 In
474 913 544 987 Dis
562 913 681 988 invisa
698 912 779 986 sola
796 913 976 987 remansit
991 914 1129 988 humo:
1351 917 1393 984 30

360 1029 454 1106 Hoec
469 1029 570 1116 facit,
587 1039 630 1102 ut
639 1029 738 1102 vivat
747 1028 893 1101 vinctus
904 1051 1057 1126 qnoque
1070 1028 1254 1127 compede
1267 1027 1392 1112 fossor,
1472 1069 1473 1092 i

411 1145 622 1242 Liberaque
640 1167 663 1218 a
678 1143 774 1217 ferro
792 1165 901 1216 crura
918 1141 1043 1218 futura
1059 1155 1188 1242 putet:

361 1259 455 1336 Haec
473 1259 574 1348 facit,
592 1270 647 1346 ut,
666 1259 793 1332 videat
810 1282 927 1356 quum
944 1269 1062 1334 terras
1079 1261 1247 1357 undique
1265 1260 1390 1342 nullas,

410 1375 625 1472 Naufragus
642 1375 680 1448 in
697 1373 831 1448 mediis
849 1373 1001 1449 brachia
1013 1377 1133 1474 iactet
1149 1375 1272 1472 aquis.

363 1493 475 1592 Saepe
492 1491 656 1590 aliquem
674 1491 804 1566 sollers
822 1491 1051 1564 medicomm
1070 1515 1160 1564 cura
1176 1491 1349 1588 reliquit;

413 1608 495 1682 Nec
514 1631 601 1705 spes
618 1608 705 1681 huic
722 1629 819 1680 vena
834 1606 1033 1681 deficiente
1049 1607 1164 1680 cadit.
1351 1609 1392 1678 36

363 1723 525 1800 Carcere
543 1723 718 1798 dicuntur
735 1723 853 1796 clausi
871 1747 1021 1821 sperare
1039 1723 1222 1812 salutem

413 1837 540 1937 Atque
557 1839 694 1935 aliquis
712 1839 881 1936 pendens
898 1839 936 1912 in
953 1862 1065 1912 cruce
1082 1849 1169 1914 vota
1185 1839 1287 1913 sacit.

363 1954 457 2029 Haec
476 1953 561 2028 Dea
577 1977 691 2053 quam
709 1955 847 2030 multos
865 1955 1002 2054 laqueo
1020 1979 1087 2028 sua
1104 1957 1201 2030 colla
1217 1955 1374 2052 ligantes

414 2069 500 2142 Non
518 2079 577 2144 est
593 2070 787 2168 proposita
804 2093 916 2169 passa
933 2071 1055 2169 perire
1072 2071 1184 2145 nece!
1350 2075 1395 2142 40

365 2183 431 2259 Me
449 2209 601 2284 quoque
618 2195 819 2259 conantem
837 2185 961 2282 gladio
978 2185 1083 2260 finire
1100 2186 1268 2260 dolorem

414 2299 557 2390 Arcuit,
575 2302 715 2400 injecta
730 2302 991 2400 continuitque
1009 2325 1134 2376 manu.

363 2414 540 2515 Quidque
560 2417 677 2492 sacis?
705 2417 879 2516 lacrymis
899 2443 994 2516 opus
1014 2429 1085 2505 est,
1111 2442 1186 2490 non
1205 2417 1395 2513 sanguine,

414 2531 524 2630 Saepe
541 2557 609 2633 per
626 2534 693 2608 has
711 2534 813 2608 flecti
831 2534 1010 2634 principis
1028 2534 1083 2610 ira
1099 2534 1206 2608 solet.
1265 2533 1394 2630 [dixit;
1478 2546 1479 2566 ¹

365 2647 544 2734 Quamvis
562 2661 622 2724 est
639 2650 751 2746 igitar
768 2651 910 2726 meritis
928 2652 1097 2726 indebita
1114 2651 1262 2736 nostris,
1352 2655 1396 2722 45

414 2764 556 2863 Magna
572 2777 697 2840 tamen
716 2792 804 2866 spes
822 2769 934 2842 estin
953 2768 1120 2844 bonitate
1137 2767 1222 2843 Dei.

364 3111 389 3152 et
402 3102 443 3153 Dii
455 3102 530 3169 iniqui
537 3112 562 3153 et
574 3104 682 3154 crudeles
695 3106 786 3154 nullam
796 3105 857 3156 inter
939 3098 979 3148 ³¹·
998 3097 1142 3163 Hastae]

363 3175 458 3243 culpam
468 3186 492 3226 et
502 3177 578 3226 scelus
586 3175 743 3228 differentiam
753 3195 805 3228 esse
815 3195 857 3244 pa·
938 3169 1114 3236 Odrocd‘dvrip
1121 3169 1397 3236 ὅριποςῶσηςέλπίσιν

364 3249 462 3300 tiuntur.
480 3250 549 3300 Cani.
560 3250 663 3300 'l'rist-ii.
676 3252 729 3302 108.
747 3253 858 3302 idunan.
941 3245 1063 3296 ssiradtv
1073 3245 1128 3294 αἰεί.

395 3323 435 3373 ³0.
452 3324 570 3374 Reman
579 3325 647 3388 unia]
667 3326 737 3383 Quod
748 3325 802 3376 ideo
813 3327 857 3376 iin-
908 3319 991 3386 Eurip·
1002 3319 1061 3368 Her·
1074 3319 1129 3368 Fur·
1147 3318 1200 3368 Cic·
1210 3319 1242 3368 ⁸11
1257 3319 1341 3368 Ffflil·
1357 3318 1396 3378 ⁰?

362 3405 422 3460 gunt
440 3405 525 3461 poete,
544 3397 601 3462 quia
618 3399 736 3450 neminem
755 3416 859 3467 unquam
910 3404 959 3443 tare
970 3397 1062 3458 optim,
1073 3396 1173 3460 cogitare
1185 3393 1398 3459 affimtmaJme

363 3466 469 3518 destituit
482 3486 543 3536 spen.
577 3471 654 3520 Locus
670 3472 708 3522 hic
724 3491 754 3522 ex
767 3475 859 3540 Theog-
909 3485 1045 3532 munnae
1055 3480 1131 3518 mant.

363 3541 672 3594 nidetranslatusvidetur:
942 3545 984 3592 3³.
1006 3543 1061 3592 Hae
1074 3543 1149 3610 facit,
1166 3553 1202 3602 ut,
1223 3544 1323 3608 uident]
1347 3543 1397 3607 spu

395 3615 485 3675 Ἐλπίς
504 3615 533 3666 ἐν
550 3615 702 3684 ἁνθρῶποισι
721 3621 786 3685 μόνη
807 3621 861 3680 θεὸς
909 3617 980 3666 etiam
1002 3617 1067 3674 iacit,
1088 3625 1115 3667 ut
1133 3618 1262 3682 naufragus
1283 3617 1308 3668 in
1328 3612 1399 3664 medic

427 3689 504 3752 ὄσθλή
515 3689 620 3742 ἔνεστιν.
910 3691 1231 3756 maritantutusquamvi·
1239 3690 1396 3742 nulluvidet

389 3761 481 3816 ’Δλλοι
491 3763 512 3814 d'
523 3765 661 3832 Οὔλυμπον
670 3765 689 3816 δ’
697 3767 859 3834 temtatu-
910 3774 993 3824 terras,
1004 3775 1117 3831 speratae
1129 3781 1263 3816 evasurum.

427 3856 467 3899 τις
477 3837 548 3903 ἔβαν,
941 3841 982 3889 ³6.
1005 3840 1064 3888 Vena
1081 3839 1222 3905 dejiciente]
1242 3838 1341 3888 Viribus
1355 3835 1396 3885 ccl·

390 3911 491 3980 Ὤιχετο
511 3915 557 3980 μέν
575 3911 669 3974 Πίσης.
685 3913 781 3981 μεγάλη
798 3915 859 3974 θὼς,
910 3913 990 3979 lapsis.
1029 3913 1058 3962 Id
1078 3915 1141 3963 enim
1157 3913 1218 3962 inter
1235 3912 1306 3978 tigna
1326 3907 1397 3960 mortis

427 3985 507 4055 ᾤχετο
517 3987 536 4038 δ’
546 3985 644 4054 duda-3»
910 3995 1033 4036 enumerat
1046 3988 1109 4036 Plin.
1119 3987 1143 4036 in
1154 3989 1194 4036 vii.
1205 4003 1261 4053 cup.
1273 3989 1314 4037 ⁵1.

397 4060 552 4128 modu.
575 4062 679 4129 Χάριτες
698 4063 729 4120 τ’,
753 4065 771 4113 a
793 4065 856 4130 sm,
942 4061 983 4108 46.
1001 4059 1031 4108 ιη
1049 4062 1147 4109 susan
1165 4060 1231 4124 nn]
1253 4060 1283 4108 In
1302 4053 1395 4122 nugati

427 4139 478 4202 γῆν
487 4135 583 4188 ἔλιπον.
908 4131 1042 4182 clementia.
1077 4133 1147 4182 Msn.
