2982 5118
224 429 296 495 EX
320 423 480 494 ΡΟΝΤΟ
506 423 595 491 LIB.
620 423 684 489 IV.
709 422 855 490 EPIST.
878 425 949 492 IX.
1043 429 1108 494 5⁰9

71 605 199 690 Quaere
217 603 292 677 loci
310 602 457 687 faciem,
479 599 730 699 Scythicique
745 599 983 678 incommoda
999 603 1105 695 coeli3

115 720 164 795 Et
181 743 299 818 quam
316 719 439 793 vicino
456 728 597 792 terrear
613 718 736 803 hoste,
755 740 858 813 roga.

23 897 25 904 ⁴
72 838 198 912 Sintne
215 838 294 911 litae
310 847 444 912 tenues
462 835 647 934 serpentis
665 834 753 908 selle
771 834 930 931 sagittae,

116 954 200 1028 Fiat
217 978 267 1028 an
284 953 489 1029 humanum
504 951 657 1025 victime
674 949 758 1023 dira
773 959 902 1048 caput.

71 1069 243 1156 Mentior,
263 1093 311 1144 an
328 1079 437 1143 coeat
454 1068 609 1141 duratus
627 1066 764 1163 frigore
782 1066 943 1152 Pontus,
1064 1075 1111 1144 85

116 1185 165 1260 Et
180 1196 312 1260 teneat
329 1184 468 1281 glacies
481 1186 617 1281 jugere
634 1185 754 1257 multa
769 1183 866 1257 freti.

71 1300 157 1374 Haec
176 1301 243 1374 ubi
262 1301 430 1387 narrarit,
450 1323 536 1397 quae
554 1299 604 1394 sit
620 1323 707 1374 mea
723 1299 833 1385 fama,
853 1300 1023 1397 require;

115 1415 279 1514 Quoque
297 1415 408 1491 modo
426 1437 604 1513 peragam
622 1425 792 1514 tempora
808 1415 914 1502 duro,
933 1441 1037 1513 rogo.

72 1533 147 1606 Nec
165 1557 299 1608 sumus
317 1532 378 1605 hic
397 1531 495 1617 odio,
515 1555 584 1604 nec
604 1531 750 1606 scilicet
767 1555 851 1606 esse
869 1555 1067 1621 meremur,

117 1648 198 1724 Nec
217 1673 306 1723 cunr
324 1648 472 1730 fortuna
489 1671 595 1721 mens
613 1671 766 1746 quoque
783 1671 891 1722 versa
909 1671 993 1722 mea
1010 1661 1082 1726 est.

72 1765 138 1839 Ille
154 1766 265 1864 quies
284 1764 422 1852 animo,
441 1788 555 1862 quarn
575 1775 617 1836 tu
634 1763 786 1837 laudare
805 1764 965 1853 solebas,
1060 1772 1105 1842 91

118 1880 186 1955 Ille
203 1892 313 1954 vetus
332 1881 443 1954 solito
458 1890 605 1980 perstat
620 1879 658 1952 in
676 1902 739 1953 ore
756 1877 890 1977 pudor.

75 1998 133 2072 Sic
150 2023 223 2096 ego
241 2022 327 2072 sum
341 1999 466 2094 longe,
483 1998 537 2072 sic
554 1997 628 2083 hic,
648 1996 713 2068 ubi
730 1994 910 2071 barbarus
929 1997 1059 2083 hostis,

119 2114 173 2187 Ut
189 2113 271 2188 lero
288 2115 373 2213 plus
390 2115 539 2188 valeant
556 2112 702 2209 legibus
721 2135 836 2197 orma,
855 2109 966 2201 facit}

72 2229 173 2318 llem,
185 2239 304 2328 queat
321 2240 363 2304 ut
379 2229 522 2302 nullam
534 2237 591 2301 tot
600 2229 691 2325 jam,
708 2226 894 2313 Graecine,
907 2251 975 2326 per
989 2253 1106 2306 annos

118 2345 276 2420 Femina
292 2345 341 2420 de
359 2345 479 2432 nobis,
497 2344 611 2431 virve,
630 2338 768 2443 puerve
786 2344 905 2441 queri.
1062 2353 1109 2422 96

75 2460 150 2535 Hoc
169 2462 273 2550 facit,
294 2472 336 2535 nt
353 2463 487 2536 misero
506 2459 656 2536 faveant
672 2459 872 2558 adsintque
890 2459 1069 2554 Tomitae;

119 2577 212 2652 Haec
232 2578 411 2677 quoniam
428 2577 540 2654 tellus
558 2577 795 2652 testificanda
812 2575 903 2650 mihi
920 2589 990 2652 est.

76 2692 130 2765 llli
147 2719 220 2782 me,
242 2693 334 2791 quia
349 2694 445 2768 velle
461 2693 601 2781 vident,
620 2693 815 2767 discedere
830 2693 996 2768 malunt:

118 2809 314 2909 Respecto
333 2809 489 2908 cupiunt
505 2808 566 2883 hic
581 2820 708 2884 tamen
725 2834 809 2884 esse
827 2809 898 2882 sui.
1042 2817 1112 2889 100

76 2925 151 3000 Nec
169 2926 263 3000 mihi
283 2927 507 3000 credideris:
530 2937 685 3001 exstent
701 2927 867 3012 decreta,
887 2926 1025 3025 quibus
1043 2955 1111 3006 nos

119 3042 279 3129 Laudat,
299 3052 339 3116 et
357 3043 541 3117 immunes
560 3044 712 3142 publica
728 3067 815 3118 cera
831 3041 934 3116 lacit.

100 3257 137 3305 tt.
149 3257 204 3306 Fiat
218 3275 252 3306 an
266 3257 391 3306 homonum
406 3259 498 3306 victima
514 3261 567 3308 diro
617 3257 754 3309 discedendi
771 3260 801 3308 ab
817 3257 852 3307 eis
868 3257 893 3308 in
906 3258 1015 3325 petriam,
1025 3261 1114 3314 vellent

72 3331 153 3394 capot]
170 3332 260 3390 Qnaere
276 3329 348 3379 etiarn
362 3331 511 3381 anhominen
528 3347 567 3382 se·
617 3342 644 3384 nt
653 3332 809 3382 discederem.
837 3332 1040 3390 Sedtsmemrc.

72 3402 345 3468 crificentnroScythis:
359 3421 457 3470 qnorum
467 3421 566 3455 consue·
652 3407 705 3456 100.
725 3407 838 3469 Respecto
858 3405 914 3469 sut]
938 3407 1050 3469 Respecto
1076 3427 1116 3460 sno

72 3477 123 3526 tudo
139 3487 190 3528 eret
208 3476 316 3544 hospites
333 3477 463 3536 immorare,
473 3489 501 3529 nt
514 3479 566 3529 dic·
617 3479 713 3539 Moreti,
726 3480 801 3530 Servii
818 3490 843 3530 et
858 3481 927 3547 prim.
938 3481 997 3531 edit.
1025 3482 1117 3534 :tabita

73 3556 119 3599 tum
128 3559 171 3602 ert.
617 3556 707 3606 ratione
721 3556 824 3621 ipsorum
835 3555 989 3615 Tomiternrn,
1000 3565 1025 3606 et
1035 3572 1116 3608 eorum

101 3627 140 3676 91.
167 3627 215 3675 Illo
243 3627 306 3689 quiet
335 3625 431 3688 animo]
467 3627 565 3678 Modes-
618 3646 698 3680 csnsa.
1019 3671 1020 3674 ,

73 3698 112 3748 tis.
652 3706 706 3753 101.
729 3704 826 3754 Exstant
850 3704 963 3768 decreto]
992 3703 1115 3770 Apparent

101 3775 139 3823 93.
150 3774 188 3824 Sic
198 3791 240 3840 ego
248 3791 299 3822 tvm
309 3773 395 3838 longo]
414 3773 504 3823 Versus
514 3789 565 3821 sus·
617 3779 750 3828 sanctiones
757 3779 903 3830 Tomiternrn
911 3780 941 3829 de
951 3795 998 3828 me.
1020 3779 1115 3830 Laudat

72 3855 159 3909 pectus.
177 3849 269 3898 Herse·
306 3847 350 3896 Ubi
366 3849 476 3898 barbam
494 3849 567 3897 hortis·
618 3870 668 3903 nos.
687 3853 781 3903 Laudat
791 3864 902 3904 moreest
913 3853 1008 3904 virtutes
1018 3868 1092 3902 meas.

74 3919 165 3974 Hostem
184 3923 301 3989 intellige,
312 3937 359 3971 non
371 3921 515 3979 Tomitanus,
525 3923 568 3971 red
653 3928 707 3976 lot.
723 3927 755 3975 Et
768 3930 878 3977 immunes
886 3926 971 3994 sarit]
987 3925 1054 3975 Fecit
1071 3942 1113 3976 ex-

74 3995 402 4064 Geffl.²quib¹1⁵'s0mllffll
417 3996 518 4046 subinde
532 3996 569 4045 ln·
618 4009 710 4067 emptos
721 4001 785 4050 omni
801 4017 871 4051 onere
886 3997 988 4050 civitatis
1001 4007 1025 4047 et
1037 3998 1113 4048 tribn-

74 4069 226 4122 testabantur.
253 4071 349 4122 Mrcvtn
619 4083 704 4124 torum.
739 4075 836 4124 Publica
851 4091 912 4123 cero.
935 4073 1039 4121 Decreta
1053 4075 1115 4139 pub·

102 4145 142 4194 99.
158 4145 200 4195 1111
214 4161 259 4203 me,
270 4149 325 4209 quio
338 4146 395 4194 vetto
411 4143 510 4207 vident]
530 4143 569 4193 Illi
619 4148 668 4198 lico
684 4149 772 4214 scripta
784 4147 810 4196 in
827 4148 914 4198 tabulis
930 4147 1021 4204 emtis,
1033 4149 1070 4198 vel
1084 4151 1115 4200 si·

73 4214 175 4280 Tomitre,
184 4219 230 4288 qui
240 4218 324 4270 vident
337 4219 479 4270 desiderium
489 4234 569 4268 meum
620 4220 704 4286 gilleta
714 4220 791 4286 sigillo
801 4221 937 4288 reipublice
947 4219 1087 4274 Tomitanae.
