3064 5104
364 343 520 420 ARTIS
542 343 809 412 AMATORIAE
832 345 923 412 Lus.
947 348 1018 415 111.
1170 349 1214 414 tr

160 521 214 594 ite
231 545 300 619 per
316 521 560 618 exemptum,
579 521 739 616 genoso
756 521 924 608 mortale,
945 521 1132 612 Deorum

209 635 361 710 Gaudia
379 659 455 708 noo
471 634 618 733 cupidis
635 631 760 708 vestro
776 631 911 732 negate
928 637 1029 710 viris.

165 750 215 826 Ut
225 754 305 849 jam
324 752 536 849 decipiant,
557 751 648 848 quid
666 752 848 851 perditis?
872 753 997 828 omnia
1013 767 1199 830 constant.

210 867 317 941 Mille
334 868 429 942 licet
446 877 618 955 sumant3
647 868 795 966 deperit
811 869 898 942 inde
916 869 1021 944 nihil.
1161 877 1212 946 90

167 983 380 1057 Conteritur
396 983 552 1070 ferrum,
571 983 695 1058 silices
712 995 913 1060 tenuantur
930 987 979 1059 ab
995 1011 1079 1062 usu.

214 1099 370 1186 Sufficit,
391 1111 432 1173 et
448 1099 576 1173 damni
595 1125 681 1199 pars
699 1112 803 1176 caret
819 1102 884 1175 iila
900 1113 1017 1176 metu.

168 1213 263 1297 Quid
278 1225 383 1288 vetet
402 1214 577 1313 adposito
595 1215 722 1290 lumen
739 1217 787 1289 de
805 1217 946 1291 lumine
963 1217 1072 1304 sumi,

214 1328 352 1412 Quisve
370 1354 467 1404 cavo
480 1340 604 1404 vastas
622 1329 660 1403 in
678 1335 783 1404 mars
799 1341 923 1404 servet
939 1333 1083 1429 aquas?
1161 1337 1209 1408 94

172 1443 240 1518 Det
254 1456 382 1518 tamen
400 1445 482 1518 ulla
497 1444 574 1517 viro
592 1445 737 1530 mulier,
757 1469 831 1518 non
849 1447 1017 1544 expedit,
1036 1446 1175 1543 inquis.

214 1558 325 1646 Quid,
340 1559 414 1632 nisi
426 1583 544 1656 quam
560 1585 698 1648 sumes,
713 1562 775 1634 dic
791 1561 894 1647 mihi,
909 1561 1035 1660 perdis
1049 1565 1209 1659 aquam?

172 1673 246 1748 Nec
263 1700 328 1748 vos
346 1675 542 1773 prostituit
558 1699 643 1751 mea
656 1701 750 1765 vox3
781 1677 849 1750 sed
865 1701 962 1752 vana
978 1677 1110 1752 timere

215 1789 362 1864 Damus
378 1801 498 1864 vetat.
525 1791 671 1866 damnis
690 1815 846 1866 munera
861 1804 985 1867 vestra
1002 1803 1143 1866 carent.

171 1904 241 1978 Sed
258 1931 318 1979 me
336 1905 554 1979 flaminibus
571 1907 670 1980 venti
689 1907 841 2004 majoris
858 1907 1008 1994 iturum,

217 2019 314 2092 Dum
332 2045 468 2094 sumus
486 2019 523 2094 in
541 2032 663 2120 portu,
682 2022 863 2120 provehat
880 2046 969 2097 aura
986 2024 1091 2098 levis.
1140 2027 1210 2095 100

171 2135 300 2210 Ordior
317 2161 340 2210 a
357 2137 478 2210 cultu.
506 2139 617 2211 cultis
635 2140 732 2212 bene
751 2139 862 2214 Liber
879 2141 927 2214 ab
945 2141 1026 2214 uvis

216 2249 412 2339 Proveuit3
444 2261 484 2324 et
501 2254 601 2326 culto
620 2265 696 2327 stat
712 2277 821 2350 seges
838 2255 915 2329 alta
931 2257 1024 2330 solo.

173 2363 298 2440 Forma
308 2367 383 2440 Dei
396 2391 557 2442 munus:
583 2367 699 2441 sormd
713 2380 829 2466 quota
843 2393 1004 2466 quaeque
1019 2369 1209 2467 superbit?

216 2481 305 2554 Pars
322 2483 494 2580 vostrdm
511 2483 576 2556 tali
590 2507 744 2557 munere
761 2507 898 2580 magna
914 2494 1030 2558 caret.

169 2595 265 2670 Cura
280 2595 388 2670 dabit
404 2597 563 2673 faciem:
591 2599 706 2674 facies
724 2600 898 2696 neglecta
915 2599 1074 2698 peribit3
1139 2601 1208 2670 105

215 2711 341 2786 Idatiae
359 2713 497 2786 similis
515 2713 564 2786 sit
580 2715 669 2788 licet
682 2715 746 2789 ilia
764 2713 871 2787 Deae.

169 2826 333 2926 Corpora
350 2829 382 2901 si
400 2837 549 2902 veteres
567 2853 641 2903 non
659 2830 714 2902 sic
731 2829 882 2903 coluere
899 2829 1056 2926 puellae;

214 2943 248 3015 N
251 2967 294 3018 ec
311 2955 464 3019 veteres
481 2945 602 3020 cultos
621 2946 674 3020 sic
694 2947 859 3020 habuere
875 2944 986 3018 viros.

166 3212 231 3264 nim.
242 3221 267 3259 st
279 3211 429 3260 Hermionen
441 3209 504 3259 varie
520 3212 626 3262 scribunt
636 3212 664 3260 li·
746 3213 788 3262 95.
807 3210 838 3258 Et
851 3220 926 3259 tamen
943 3212 994 3260 utto
1006 3214 1055 3260 vtro
1064 3212 1156 3267 metior,
1165 3227 1211 3260 non

166 3283 238 3340 bruni.
255 3286 297 3334 sed
314 3283 403 3351 optimi
425 3283 487 3341 libri.
507 3286 664 3342 Humwnium,
714 3289 810 3348 upodit,
829 3284 927 3348 inquit]
953 3283 1021 3333 Nihil
1035 3299 1117 3333 som
1133 3293 1169 3334 ut
1186 3284 1212 3333 iu

167 3355 200 3404 vel
211 3357 362 3416 Harmonia,
373 3367 403 3406 ut
415 3357 479 3406 Ledo
490 3367 514 3407 et
526 3359 621 3408 lodeot
631 3358 663 3406 si·
714 3359 758 3408 hoc
771 3357 883 3408 carmine.
906 3358 988 3407 Scribo
999 3357 1037 3408 vel
1047 3356 1128 3406 invitis
1137 3373 1211 3406 mem-
1273 3393 1279 3400 -

166 3429 234 3479 nilis.
245 3432 294 3482 rid.
308 3431 397 3482 Barth.
416 3429 449 3478 ad
464 3432 524 3481 Stat.
535 3432 560 3480 ii.
571 3434 629 3480 267.
641 3443 666 3480 et
714 3432 810 3481 bronio:
1007 3489 1011 3499 Ι

164 3503 194 3552 ui.
202 3506 224 3554 7.
240 3515 265 3554 et
282 3507 400 3554 Muuker.
413 3503 447 3551 nd
459 3505 547 3570 Hygini
559 3506 619 3554 rab.
632 3504 665 3555 vi.
749 3507 795 3556 Det
806 3515 879 3554 tumen
891 3507 942 3554 otta
957 3508 1006 3554 uiro
1015 3505 1107 3560 mulier,
1119 3520 1165 3552 non
1174 3521 1212 3554 ss·

162 3577 321 3628 abierimus
339 3579 396 3643 ejus
414 3586 490 3626 matre
506 3577 569 3642 agiu
586 3587 612 3626 et
622 3579 665 3628 hoe
778 3586 849 3644 pedit,
859 3583 943 3644 inquis.

161 3655 249 3703 nornine
268 3653 325 3702 alia
336 3652 414 3702 dictes
432 3651 542 3701 mulieres
559 3653 593 3701 ito
609 3653 663 3701 seri·
714 3654 770 3703 Non
785 3653 890 3720 expedit.
901 3663 928 3702 ut
943 3651 1028 3702 mulier
1041 3651 1091 3701 ulls
1101 3652 1142 3700 det
1152 3651 1211 3702 viro.

160 3728 257 3778 bendum
273 3728 406 3777 evincunt.
429 3723 463 3773 sio
482 3725 617 3781 Harmonia,
635 3743 665 3775 ex
715 3728 779 3776 Doro
796 3744 837 3793 pro
850 3725 942 3792 copim
959 3727 996 3776 sui
1007 3725 1082 3774 facere
1098 3725 1212 3774 usitatum

157 3818 201 3867 qun
210 3805 280 3852 Mors
290 3801 543 3850 nummorum.
553 3800 665 3866 Apollon.
714 3802 800 3866 po‘s'tis.
832 3801 922 3850 Huius.

155 3876 176 3924 ii,
187 3877 245 3942 Arg.
256 3877 319 3926 99³.
332 3873 379 3922 ubi
389 3871 442 3920 vid.
467 3872 548 3922 Schol.
560 3873 665 3922 aliane·
746 3877 787 3924 98.
806 3874 906 3922 Momm
917 3874 1014 3936 oestro]
1037 3872 1210 3922 Nosthossii

153 3961 253 4000 noratur
269 3950 297 3998 in
317 3943 428 3996 Anthol.
443 3944 484 3994 lib.
501 3945 536 3994 iii.
552 3962 607 4011 esp.
626 3945 666 3994 sii.
715 3950 865 3998 etBernens.
877 3957 901 3996 et
912 3946 1079 4014 quinqoeoiii.
1089 3956 1115 3994 ut
1125 3945 1212 3994 intelli-

151 4039 203 4089 με,
224 4024 287 4073 337.
339 4019 476 4066 Harmonia
495 4017 595 4068 Gelonis
616 4019 665 4067 fflin
714 4030 756 4086 gut
775 4029 895 4086 precepta
915 4035 959 4068 sos
976 4020 1061 4070 Ροὸιι.
1080 4027 1108 4068 ut
1125 4017 1168 4066 tib.
1184 4017 1210 4067 ii.

151 4097 213 4146 Livio
230 4095 303 4146 xxiv.
317 4095 365 4143 24.
376 4089 430 4138 vid.
441 4089 472 4138 nd
489 4089 523 4139 iii.
533 4091 595 4140 Mer.
608 4092 664 4141 1³³.
715 4094 773 4144 742.
784 4109 848 4158 supr.
858 4108 920 4143 vers.
932 4095 973 4142 79.

150 4171 235 4220 Bunrr.
