2974 5100
248 381 321 446 EX
344 379 505 446 PONTO
527 375 618 444 LlB.
643 375 693 443 11.
718 375 864 443 EPIs‘r.
888 377 957 442 111.
1057 377 1121 446 409

310 591 313 598 ’
386 589 715 704 nprsrour
743 589 818 666 111.

493 773 709 842 unxruu
749 732 761 750 ’

71 904 285 993 Msxrrun,
304 905 369 1003 qui
386 905 495 980 claris
514 927 649 979 nomen
668 902 867 978 virtutibus
886 927 1026 1002 aequas,

120 1021 210 1096 Nec
231 1022 324 1096 sinis
342 1021 531 1119 ingenium
550 1019 746 1094 nobilitate
764 1017 904 1117 premi3

71 1137 188 1212 Culte
204 1138 313 1224 mihi,
325 1137 434 1235 (quid
448 1137 548 1210 enim
563 1146 684 1211 status
695 1136 756 1208 hie
775 1159 797 1209 a
814 1133 943 1210 funere
956 1134 1121 1232 differri)

120 1253 360 1352 Supremum
377 1253 462 1327 vitae
478 1264 627 1352 tempus
646 1253 693 1327 ad
711 1276 832 1349 usque
854 1276 970 1326 meae:

71 1367 172 1443 Rem
194 1368 301 1458 facis,
321 1369 514 1443 adflictum
531 1393 607 1442 non
625 1379 816 1444 aversatus
835 1369 1009 1456 amicum,
1097 1374 1120 1443 5

121 1483 217 1568 Qua
233 1508 310 1559 non
326 1494 384 1558 est
401 1508 480 1558 aevo
497 1485 612 1558 rarior
627 1484 704 1557 ulla
721 1494 805 1557 tuo.

72 1598 207 1699 Turpe
224 1601 379 1698 quidem
393 1600 510 1686 dictu,
530 1600 610 1684 sed,
629 1599 662 1672 si
679 1599 791 1672 modo
806 1621 895 1673 vera
911 1597 1083 1688 latemur,

119 1716 275 1813 Vulgus
292 1715 655 1791 amicitias'utilitate
672 1715 823 1815 probat.

76 1829 183 1904 Cura
200 1832 296 1929 quid
314 1831 492 1930 expediat
508 1832 611 1930 prius
625 1842 696 1919 est,
711 1855 825 1929 quam
839 1831 930 1928 quid
944 1832 995 1906 sit
1005 1833 1121 1906 hone-

125 1945 286 2020 Etcum
302 1946 450 2021 fortuna
466 1957 618 2046 statque
635 1947 813 2045 caditque
830 1947 937 2023 fides.
984 1951 1120 2046 [stumz

77 2061 111 2134 N
115 2088 160 2137 ec
179 2062 293 2137 facile
310 2061 475 2136 invenias
493 2062 622 2136 multis
639 2062 679 2136 in
695 2063 862 2138 millibus
879 2088 1009 2150 unum,
1076 2070 1117 2138 ll

124 2179 320 2262 Virtutem
336 2180 499 2278 pretium
516 2179 582 2276 qui
600 2188 707 2277 putet
724 2203 807 2253 esse
825 2179 895 2252 sui.

78 2293 166 2392 lpse
184 2297 313 2381 decor,
333 2305 433 2370 recte
450 2295 539 2369 sacti
558 2295 589 2368 si
607 2295 762 2393 proemia
778 2295 914 2382 desint,

126 2410 164 2482 N
166 2435 216 2484 on
234 2421 374 2497 movet,
394 2422 433 2486 et
450 2410 566 2508 gratis
584 2410 741 2509 poenitet
758 2433 843 2484 esse
860 2409 1031 2508 probum.

80 2523 154 2614 Nil,
166 2525 241 2602 nisi
255 2528 358 2624 quod
373 2529 538 2625 prodest,
551 2551 678 2602 carum
690 2536 769 2602 est:
798 2525 823 2612 i,
835 2526 992 2599 detrahe
1005 2523 1120 2599 menti

127 2643 247 2741 Spem
266 2641 410 2716 fructus
428 2643 560 2730 avidae,
578 2667 689 2717 nemo
708 2641 892 2742 petendus
910 2640 993 2713 erit.
1076 2643 1120 2712 16

79 2755 130 2829 At
145 2757 292 2831 reditus
304 2760 385 2856 jam
402 2760 565 2857 quisque
583 2784 671 2834 suos
690 2768 802 2843 amat,
817 2767 857 2832 et
874 2754 945 2829 sibi
964 2755 1056 2853 quid
1074 2754 1124 2829 sit

128 2870 246 2958 Utile,
266 2872 436 2947 sollicitis
455 2875 635 2973 subputat
653 2873 833 2949 articulis.

79 2984 177 3061 Illud
194 2986 371 3060 amicitiae
390 2989 580 3086 quondam
597 2989 811 3064 venerabile
828 3009 967 3062 numen

127 3101 294 3190 Prostat‚
313 3105 406 3178 etin
425 3116 572 3202 quaestu
591 3129 658 3204 pro
676 3099 874 3181 meretrice
892 3102 1011 3176 sedet.
1073 3107 1123 3174 20

110 3319 133 3366 ³.
151 3320 213 3374 Quid
233 3323 295 3368 enim
312 3329 385 3368 storin
405 3323 442 3369 ltio
459 3341 473 3370 o
485 3322 574 3387 sunm
622 3323 840 3383 olimlotproemio
849 3317 1124 3382 coquunturduorlqms-

81 3392 176 3456 differt]
194 3391 261 3452 Quid
277 3392 341 3441 enlm
355 3393 405 3443 lutee
419 3394 522 3444 conditio
532 3411 574 3446 ex·
623 3414 690 3459 quom
699 3395 803 3462 gratuito
814 3396 884 3442 bonus
894 3401 934 3440 est.

81 3463 135 3513 solis
145 3465 210 3515 alind
221 3473 269 3524 est.
279 3481 353 3531 quam
362 3483 424 3518 mors
431 3468 558 3532 quedam!
659 3472 697 3519 16.
716 3471 786 3518 Nemo
794 3470 907 3531 petendos
917 3467 981 3530 orit]
999 3467 1077 3515 Nemo
1088 3465 1123 3514 in-

110 3541 133 3585 5.
154 3539 208 3588 Nou
225 3541 363 3603 auersatus]
385 3543 441 3591 Non
458 3542 575 3607 rejiciens.
624 3545 731 3595 venietur
741 3543 783 3609 qui
794 3542 973 3594 velitvirtutem
984 3541 1072 3590 colere.

82 3609 148 3658 Min.
179 3613 246 3661 Dum
265 3629 303 3662 me
321 3615 428 3678 quemvis
445 3616 574 3678 relegatum
659 3620 697 3667 18.
718 3620 838 3680 computat
857 3615 986 3678 articulis]
1013 3617 1126 3676 Sutputot

82 3691 104 3729 ct
123 3685 286 3736 calamitosum
306 3703 348 3752 pro
366 3688 442 3738 amico
460 3689 575 3754 ognoscis.
625 3691 707 3757 scripti
718 3690 834 3740 meliores.
855 3691 945 3738 Herus.
968 3689 1077 3736 Sollicitis
1087 3705 1125 3735 ar-

84 3755 158 3806 PW·
626 3766 713 3813 riculis.
733 3763 823 3828 Digitis
833 3761 935 3814 hominis
945 3761 1040 3811 solliciti
1050 3767 1073 3808 et
1084 3777 1126 3810 cu-

114 3833 149 3879 ¹2.
168 3833 281 3882 Virtutem
286 3838 395 3897 pretium,
405 3836 464 3900 dcc]
475 3836 524 3893 Qui
534 3852 574 3885 ex·
626 3838 680 3886 riosi
689 3839 714 3888 in
725 3837 897 3888 ratiocinando.
929 3837 958 3884 ln
969 3835 1050 3898 digitis
1061 3835 1124 3882 enirn

82 3904 162 3954 istimet
172 3907 284 3957 dautem
300 3923 351 3958 esso
364 3925 406 3974 per
422 3925 447 3958 se
462 3919 573 3975 expeten-
626 3911 772 3978 computatio
783 3912 833 3962 fieri
843 3911 943 3961 solebat.

81 3977 140 4036 dnm,
151 3997 196 4030 non
207 3991 288 4031 autem
299 3981 389 4048 premii
400 3983 483 4048 gratia.
657 3988 697 4035 20.
717 3987 831 4051 Proitou]
851 3983 943 4034 Venulo
959 3989 995 4030 est
1009 3989 1123 4043 tanquam

114 4055 149 4102 1³.
166 4055 216 4117 lpse
230 4059 296 4106 dooor
312 4057 395 4120 netu]
415 4057 470 4122 lpse
481 4057 574 4106 virtutis
624 4060 749 4108 meretrix:
769 4075 816 4108 non
827 4059 890 4108 enirn
905 4055 1010 4104 homiues
1020 4051 1125 4100 amicitia

83 4127 236 4188 pulchritudo.
626 4130 703 4190 ducti,
721 4132 808 4182 amicos
826 4133 927 4195 eligunt,
947 4128 990 4176 sed
1007 4125 1124 4185 utilitate5

111 4201 146 4248 ll.
163 4203 265 4267 Gratis]
284 4202 383 4253 Sallust.
392 4203 455 4253 llist.
468 4204 495 4252 l:
514 4205 574 4252 Num
626 4213 650 4254 et
661 4223 690 4256 eo
701 4213 771 4272 pacto
782 4205 892 4254 videntur
899 4201 1030 4272 ,amicitiam
1040 4199 1125 4262 prosti-
