2974 5100
273 401 342 466 EX
366 397 527 464 ΡΟΝΤΟ
552 397 642 463 LIB.
668 398 697 464 1.
718 397 863 466 EPIST.
887 400 928 467 V.
1053 403 1119 470 877

78 575 250 650 Forsitan
268 576 448 650 audacter
464 572 611 658 faciam,
631 573 698 648 sed
716 574 851 670 glorior
869 574 1008 652 Istrum

124 687 286 788 ingenio
304 691 448 764 nullum
465 692 588 788 majus
606 691 744 765 habere
760 714 858 766 meo.

80 805 171 893 Hoc,
186 807 255 880 ubi
265 805 477 894 vivendum,
490 806 582 880 satis
591 818 662 895 est,
677 807 709 880 si
719 831 931 906 consequor
943 833 1041 900 arte,
1069 819 1117 888 65

124 922 231 996 Inter
250 921 473 996 inhumanos
491 947 574 997 esse
591 934 704 1023 poeta
721 923 853 998 Getas.

79 1037 158 1122 Quo
176 1038 272 1112 mihi
291 1039 479 1114 diversum
495 1038 596 1114 fame
613 1040 840 1114 contendere
858 1039 896 1114 in
914 1043 1068 1120 orbeml

125 1154 252 1239 Quem
271 1153 419 1229 fortuna
435 1154 552 1242 dedit,
572 1154 696 1228 Roma
713 1154 763 1228 sit
779 1154 843 1228 ille
860 1157 977 1232 locus.

80 1270 158 1346 Hoc
175 1295 266 1345 mea
283 1281 462 1346 contente
477 1280 537 1346 est
553 1270 681 1346 infelix
700 1271 815 1346 Musa
830 1273 999 1350 theatro:

127 1387 190 1462 Sic
209 1387 355 1476 merui;
384 1389 508 1485 magni
527 1389 581 1462 sic
599 1389 748 1462 voluere
768 1387 853 1462 Dei.
1070 1399 1118 1465 70

82 1503 157 1578 Nec
175 1528 262 1579 reor
279 1503 366 1577 hinc
385 1503 482 1579 istuc
500 1505 637 1579 uostris
655 1505 726 1579 iter
740 1529 824 1580 esse
841 1504 990 1594 libellis,

125 1619 210 1704 Quo
231 1619 377 1694 Boreas
390 1644 518 1719 penna
533 1620 731 1694 deficiente
749 1619 863 1694 venit.

84 1734 422 1826 Dividimurcoe103
452 1760 613 1836 quaeque
630 1747 689 1812 est
706 1738 836 1836 procul
854 1738 945 1814 urbe
959 1738 1117 1830 Quirini,

126 1850 304 1952 Adspicit
321 1851 483 1928 hirsutos
501 1854 671 1929 cominus
691 1855 790 1928 Urso
808 1854 939 1932 Getas.

85 1965 311 2043 Portentum
325 1979 444 2056 terrae,
456 1983 513 2045 tot
526 1995 657 2070 equae,
669 1971 733 2044 vix
744 1973 897 2048 credere
910 1975 1051 2071 possim
1070 1981 1117 2052 75

128 2083 317 2159 Indicium
336 2086 449 2160 studii
468 2090 701 2164 transiluisse
720 2089 806 2165 mei.

86 2197 191 2298 Finge
209 2202 301 2298 legi,
317 2202 496 2300 quodque
513 2214 573 2278 est
589 2204 770 2291 mirabile,
789 2205 890 2303 finge
907 2208 1077 2305 placere3

128 2315 333 2391 Auctorem
351 2329 453 2392 certe
471 2342 529 2393 res
543 2321 652 2416 juvet
668 2320 741 2395 ista
758 2321 862 2394 nihil.

86 2429 160 2514 Quo
177 2434 259 2520 tibi,
281 2434 315 2507 si
330 2434 452 2508 calida
468 2435 615 2534 positus
633 2435 784 2510 laudere
804 2436 943 2535 Syene,

126 2549 201 2622 Aut
218 2550 285 2624 ubi
305 2548 553 2650 Taprobanen
572 2550 705 2626 Indica
723 2552 839 2648 cingit
856 2553 980 2651 aqua?
1070 2559 1118 2628 80

112 2839 149 2888 tt.
159 2839 202 2890 Uli
211 2845 337 2892 vivendum
347 2843 398 2908 ert]
407 2845 483 2903 Quasi
490 2846 570 2896 dicat:
623 2854 665 2896 rut
679 2845 764 2896 saltem
779 2843 891 2900 infirmus,
902 2851 927 2892 et
942 2843 1023 2893 tractis
1032 2843 1120 2894 viribus

84 2911 138 2960 Satis
158 2914 202 2962 erit
222 2915 294 2972 milri,
316 2916 397 2966 heberi
417 2927 488 2984 poeta
508 2919 572 2986 npnd
624 2921 696 2969 venit.
722 2919 833 2967 Hennes.

85 2985 189 3049 Scythes:
208 3006 252 3040 nec
269 2999 310 3040 est
326 2991 464 3049 emulum,
482 3010 513 3043 en
530 3011 572 3060 pa·
657 2995 697 3042 7³.
710 2994 796 3041 Procul
810 2993 865 3040 urbe
877 2991 992 3054 Quirini]
1010 2991 1119 3055 longos

86 3061 205 3113 nmdoete
215 3064 330 3114 scribam.
625 3067 732 3116 Romana
740 3065 845 3123 civitate,
857 3079 929 3129 quarn
940 3064 1062 3122 Quirinus,
1073 3065 1118 3114 hoc

111 3135 147 3183 67.
162 3137 224 3192 Quid
240 3139 321 3202 milri]
340 3138 455 3195 Subandi,
472 3139 573 3205 prodest.
624 3148 660 3188 est
670 3141 793 3196 Romulus,
803 3137 918 3188 condidit.

87 3206 221 3263 Contnnlere.
250 3214 300 3261 Ire.
348 3212 377 3261 ln
397 3216 517 3262 diuersam.
544 3215 573 3262 ln
657 3215 697 3262 74.
708 3216 810 3276 Adspicit
829 3215 926 3262 hirsutos
937 3211 1027 3276 Geton]
1045 3209 1119 3262 Videt

86 3277 205 3334 &manem
222 3285 355 3336 civitatem.
394 3286 473 3336 Fortu.
495 3289 573 3338 Fame
625 3287 700 3337 Getes
710 3286 813 3354 hispidos
823 3286 981 3336 etbarbatoe:
1000 3299 1055 3334 unm
1064 3294 1120 3334 tunt

84 3367 153 3406 must.
190 3359 254 3418 Quid
277 3359 376 3425 prodest
401 3359 468 3417 mihi,
489 3359 574 3425 inquit,
622 3361 667 3411 sub
686 3362 749 3412 Urso
774 3361 857 3427 majori
884 3359 908 3408 in
935 3357 1119 3426 septemtrionali

86 3425 189 3489 laborare,
206 3441 232 3482 ut
250 3435 319 3482 lama
336 3448 391 3482 mea
405 3431 508 3482 Romam
521 3449 574 3500 per·
623 3436 702 3502 plaga„
728 3438 798 3486 lllrn.

86 3502 164 3553 '‘nitt-
657 3511 697 3560 ⁷9.
716 3509 797 3558 Calido
809 3509 901 3574 Syene]
918 3509 995 3575 Syene
1006 3505 1119 3574 oppidum

113 3577 148 3626 68·
159 3580 231 3630 nom
247 3584 337 3632 titillo
353 3583 434 3646 boue]
453 3584 497 3632 Ille
509 3584 575 3633 locus
624 3583 668 3632 init
684 3600 754 3649 supra
765 3583 934 3634 Alexandriam
948 3583 1054 3648 quinque
1068 3581 1121 3630 mil·

86 3649 269 3722 δεγῑῑιὶεμῃιιειιι
284 3657 379 3707 fortuna
394 3657 574 3722 mihiedsigna-
624 3654 833 3706 libuutndiorum.
868 3657 971 3704 Gelidum
985 3662 1064 3704 sutem
1078 3654 1120 3703 nd-

86 3723 121 3780 rit,
137 3725 249 3781 habeam
261 3730 320 3781 milri
339 3747 381 3796 pro
397 3731 491 3790 Romu
508 3731 575 3796 qumi
623 3730 699 3794 pellat
710 3731 807 3794 Syenen
819 3733 929 3794 quoniam
941 3729 1029 3778 directe
1043 3729 1121 3777 locutu

86 3793 154 3848 dicet:
165 3804 256 3854 Sufficit
267 3805 336 3862 mihi,
347 3804 400 3854 siin
411 3805 509 3870 Scythia
519 3815 573 3855 ten·
623 3803 669 3852 fuit
689 3805 732 3852 sub
751 3803 841 3869 tropico
859 3805 949 3861 estivo,
968 3803 993 3851 id
1013 3810 1057 3858 eet,
1075 3803 1120 3851 rub

87 3875 130 3919 lum
139 3873 201 3926 sem
211 3895 265 3928 men
274 3879 307 3928 sit
319 3895 365 3928 non
375 3879 488 3943 vulgaris.
504 3881 575 3928 Men.
625 3877 726 3935 Cancro,
735 3878 761 3927 in
772 3887 877 3928 extremo
887 3877 979 3926 torrido
989 3891 1060 3924 mute.

113 3945 150 3996 69.
166 3949 214 4001 Hoc
232 3952 344 4016 theatro]
369 3951 469 4000 Simili
489 3955 519 4003 ab
538 3953 575 4002 his
656 3953 697 4000 80.
716 3952 796 4018 Cingit
819 3962 855 4001 est
874 3968 888 3999 e
908 3951 961 3998 cod.
981 3947 1069 3997 Moreti
1089 3949 1119 3997 eb

88 4015 203 4082 plauditur,
215 4027 312 4076 sufficit.
336 4028 415 4077 Pour.
625 4025 725 4075 Heinsio
745 4035 854 4092 recepta,
876 4029 945 4090 tingit
966 4021 1023 4082 nlii3
1043 4025 1119 4087 pingit

116 4095 151 4144 ⁷2
163 4097 262 4149 Romam
273 4101 397 4166 pervenire
407 4117 471 4150 meos
482 4097 574 4149 libellos
626 4100 713 4150 Bauer.
722 4101 840 4150 etErlurt.
854 4101 974 4150 Tnbronem
981 4097 1068 4146 Erlnrt.
1081 4097 1119 4146 De

91 4178 129 4214 '²⁰¹¹
141 4179 202 4234 pulo.
213 4190 260 4240 quo
271 4177 362 4226 nomn
372 4175 433 4241 ipse,
445 4175 526 4241 quiex
538 4172 574 4221 hir
625 4174 671 4224 hec
687 4176 766 4225 insule
784 4177 914 4238 Taprobane
929 4173 954 4220 in
968 4172 1026 4220 mari
1039 4171 1120 4221 iudico

90 4246 306 4304 ”plemtrionnlibm
317 4251 445 4308 oritur,vix
460 4249 573 4316 pervenit,
625 4249 690 4299 vnrie
707 4249 852 4300 tradiderunt
870 4257 968 4304 veteres,
983 4254 1006 4296 et
1021 4243 1119 4311 quidun
