3020 5106
374 331 440 400 26⁰
668 334 707 400 Ρ.
733 329 895 400 OVIDIl
920 333 1134 402 NASONIS

376 506 468 582 Otia
484 531 584 582 nuno
603 507 712 583 istie:
737 507 961 607 junctisque
978 533 1027 584 ex
1045 509 1175 584 ordine
1193 507 1293 582 ludis

426 624 581 699 Cedunt
593 625 740 700 verbosi
759 626 908 722 garrula
923 627 1028 700 bella
1043 625 1124 699 lori.

376 740 478 816 Usus
497 742 586 840 equi
604 766 703 817 nuno
721 752 793 828 est,
811 742 959 817 levibus
977 767 1076 818 nuno
1093 741 1237 816 luditur
1253 738 1392 827 armis3

426 857 538 933 Nunc
557 859 646 958 pila,
666 883 766 933 nunc
783 860 896 935 celeri
913 861 1072 935 volvitur
1089 861 1181 934 orbe
1198 859 1379 932 trochus:

373 971 410 1045 N
413 999 500 1061 unc,
520 974 584 1048 ubi
603 974 755 1074 perfusa
772 985 833 1049 est
849 976 932 1050 oleo
950 976 1102 1050 labente
1115 977 1311 1073 juventus,
1374 975 1420 1044 21

424 1088 606 1166 Defessos
624 1101 729 1165 artus
748 1089 903 1186 Virgine
920 1091 1032 1188 tingit
1049 1115 1163 1189 aqua.

373 1205 499 1281 Scena
514 1206 629 1304 viget,
648 1205 862 1303 studiisque
879 1205 981 1280 lavor
998 1207 1229 1282 distantibus
1247 1203 1378 1292 ardet;

421 1320 575 1423 Proque
591 1324 712 1398 tribus
730 1334 907 1398 resonant
923 1332 1032 1398 terna
1047 1323 1197 1398 theatra
1212 1319 1317 1396 ioris.

402 1653 440 1702 17.
457 1653 583 1704 Meusibus
598 1653 675 1719 Aprili
693 1661 718 1702 et
734 1653 801 1704 Maio
815 1653 867 1704 ludi
914 1672 981 1719 gun.
993 1657 1068 1713 turba,
1080 1661 1107 1704 ut
1122 1653 1180 1704 edit.
1191 1659 1240 1702 vet.
1256 1661 1282 1703 et
1301 1652 1339 1699 14.
1347 1647 1417 1699 codd.

366 1735 435 1776 erant
454 1728 502 1778 iere
521 1727 637 1785 continui,
652 1727 722 1791 (bino
743 1745 770 1776 ss
788 1731 866 1778 ordine
915 1728 1013 1780 hebent.
1025 1747 1048 1780 e.
1063 1731 1147 1780 Burro.
1157 1737 1182 1779 et
1198 1727 1270 1778 inex
1290 1727 1369 1776 Ponto
1385 1724 1416 1774 ri.

359 1805 442 1864 juncti
453 1802 564 1852 dixitur
576 1801 783 1868 suprsi.l.107.)
796 1803 865 1852 ette-
915 1805 1107 1854 29.iv.‘l'ristx.
1122 1805 1160 1854 18.
1193 1803 1308 1852 Hssnrrs.

366 1876 529 1926 nestatius:
557 1875 626 1924 Bone
644 1878 689 1924 nisa
707 1893 798 1925 samm
814 1877 865 1925 Ke·
950 1881 988 1928 18.
1012 1879 1103 1928 Catunt
1124 1873 1228 1940 borbini]
1255 1876 1312 1925 Non
1331 1873 1416 1923 dicitnr

365 1948 431 2000 lend.
441 1949 523 1999 Msiis.
541 1949 647 1998 Cerealia
659 1948 807 1998 inhonorem
818 1949 865 1998 Ce·
911 1953 952 2018 jus
962 1953 1047 2003 Rome
1062 1969 1091 2002 oo
1106 1960 1221 2018 tempore,
1237 1966 1286 2017 quo
1303 1950 1328 1999 in
1345 1962 1416 2000 soene

365 2023 430 2080 reris,
443 2041 465 2072 v.
473 2023 528 2072 idus
538 2022 616 2088 April.
634 2023 747 2080 Floralia,
759 2024 783 2072 in
792 2022 864 2072 bono·
914 2026 966 2076 ludi
976 2027 1135 2076 celebrantur.

365 2113 415 2147 rem
429 2097 512 2154 llorae,
524 2097 557 2146 iv.
569 2097 627 2146 Kal.
636 2097 724 2146 Maias.
738 2099 777 2161 (v.
788 2098 864 2162 Spen-
946 2102 989 2150 ⁴20.
1009 2101 1083 2149 Celeri
1092 2099 1164 2163 ιιι-88]
1185 2097 1266 2148 Celeri
1278 2095 1413 2163 agintious.

364 2171 426 2222 boni.
443 2172 478 2241 ‹le¹
489 2173 521 2221 V,
532 2180 557 2220 et
571 2171 624 2220 PR.
639 2172 749 2220 nurnisrn.
764 2170 820 2220 (lise
837 2188 863 2221 x.
912 2175 986 2225 Mn.
1023 2176 1128 2224 Vertitur
1144 2175 1196 2222 orbe
1213 2175 1313 2222 teocius.
1331 2171 1413 2221 llorst.

364 2253 422 2295 torn
432 2245 459 2294 ii.
470 2262 525 2312 pag.
535 2246 591 2294 146.
602 2245 670 2311 sqq.)
706 2245 803 2293 lautia
816 2263 864 2294 ma·
914 2249 1184 2314 ndPisones,³79.sq:

364 2323 407 2370 trie
424 2321 499 2370 telin
514 2320 547 2368 iv.
565 2319 623 2368 Kal.
642 2318 718 2385 April.
737 2318 863 2378 Liberalia,
911 2314 914 2322 ¹
947 2324 1039 2372 Ludere
1049 2327 1088 2388 pui
1099 2325 1179 2380 nexit,
1189 2323 1359 2384 compuribus,
1368 2319 1412 2368 &c-

362 2411 417 2462 que
436 2394 534 2446 Baccho
553 2410 622 2444 sscrn
641 2401 709 2443 erant
730 2394 779 2444 xvi.
803 2395 861 2444 Kal.
947 2397 1099 2460 indoctusque
1118 2398 1180 2459 pite,
1202 2397 1294 2454 divion
1316 2395 1411 2444 tracisins

362 2470 440 2536 April.
454 2469 592 2533 Lupercalia
602 2467 664 2518 Pani
675 2483 742 2518 secra
753 2484 792 2518 xv.
805 2469 861 2518 Knl.
976 2471 1135 2535 quiescitiso.
1169 2470 1260 2519 llsrirs.

361 2545 436 2593 Muri.
448 2543 592 2592 Matroauiia
604 2543 660 2592 Kal.
672 2541 764 2598 Martii,
776 2543 800 2591 in
811 2557 861 2591 me·
943 2547 984 2596 22.
1000 2545 1073 2611 Aqua
1087 2543 1189 2610 Virgine
1199 2544 1322 2610 pulverem
1334 2551 1359 2592 et
1370 2559 1408 2594 su·
1494 2555 1496 2610 j

259 2625 262 2636 '
360 2617 461 2667 moriem
472 2616 566 2666 diremti
583 2633 597 2666 n
611 2615 724 2666 matronis
739 2615 801 2665 inter
811 2616 860 2666 llo·
910 2620 992 2670 dorem
1002 2619 1140 2675 abluebant,
1149 2619 1191 2684 qui
1201 2619 1372 2668 exuoebentu
1384 2617 1407 2666 in
1493 2645 1494 2655 κ

361 2708 443 2741 manos
461 2701 486 2742 et
503 2692 603 2740 Sabinos
617 2690 676 2740 belli
693 2689 779 2755 (Ovid.
797 2691 861 2742 Fut.
909 2709 996 2760 cumpo
1009 2693 1108 2742 Mustio.
1142 2693 1177 2741 ro
1192 2691 1257 2741 eninr
1270 2691 1407 2758 puduxent
1491 2687 1493 2748 ζ

359 2765 386 2815 in
397 2766 483 2832 quibus
493 2765 559 2814 libris
573 2765 604 2814 de
619 2763 683 2813 feriis
698 2765 861 2815 Romnnororn
910 2767 1026 2834 Agrippa,
1036 2775 1060 2816 et
1070 2766 1208 2832 squavirgo
1218 2765 1286 2815 dicte
1293 2765 1345 2822 luit,
1353 2765 1406 2832 quia
1490 2763 1491 2790 r

361 2841 450 2890 multus
471 2850 515 2897 est,
536 2840 571 2889 iii.
595 2841 651 2889 170.
673 2839 740 2905 sqq.)
769 2839 861 2890 Parilia
910 2843 986 2892 sontes
997 2843 1050 2910 ejus
1064 2841 1190 2898 militibus,
1201 2855 1290 2906 squam
1303 2855 1405 2906 queren-

358 2916 409 2966 sive
431 2916 523 2964 Palilia
542 2921 598 2964 ante
617 2914 720 2962 Romam
739 2915 861 2964 conditam
910 2915 1109 2980 tibunevirgine
1122 2913 1227 2980 qondam
1241 2915 1404 2964 inerantnon·

356 2992 407 3058 jun
431 2990 559 3046 celebrate,
581 2995 664 3054 posten
685 3003 740 3037 vero
765 2989 860 3040 sollem-
910 2990 986 3040 strnti.
998 2991 1029 3040 cs.
1044 2988 1119 3040 Ouid.
1132 2989 1196 3038 rut.
1207 2987 1224 3039 i.
1235 2988 1293 3037 464.
1306 3003 1319 3037 e
1331 2988 1403 3038 Ponto

358 3055 433 3122 niorn,
449 3064 513 3131 quod
533 3062 597 3112 idem
618 3061 670 3110 dies
690 3061 755 3111 urbis
771 3062 856 3114 Βοωω
906 3065 924 3114 i.
936 3067 960 3114 8.
971 3067 1013 3114 88.
1046 3064 1161 3112 Hennes.

356 3141 435 3190 iuerat
451 3139 547 3194 natulis,
561 3137 667 3201 Psopert.
683 3135 716 3184 iv.
731 3135 755 3183 4.
768 3137 808 3185 78.
823 3137 856 3187 xi.
939 3141 979 3188 23.
996 3139 1084 3188 Studiis
1100 3137 1260 3201 distantibus]
1279 3137 1400 3186 Feronbns

358 3213 509 3262 Koaninn.
528 3211 687 3274 Quinquatrus
701 3213 795 3270 maior-ei
808 3209 857 3260 xiv.
906 3213 1013 3264 diversis·
1040 3212 1170 3276 studiisque
1180 3213 1255 3278 fauor
1270 3213 1399 3262 ditantibus

357 3287 415 3338 Kal.
438 3279 514 3350 April.
536 3285 562 3333 in
585 3283 697 3332 honoreus
721 3282 855 3336 Minervae:
907 3291 982 3336 ardet.

357 3361 445 3427 quibus
458 3359 543 3408 diebus
555 3357 688 3405 scholarum
699 3357 805 3420 magistri
815 3358 857 3408 do
941 3361 999 3410 Tum
1015 3377 1067 3410 aero
1083 3364 1210 3427 ingeminat
1226 3363 1319 3418 elman
1334 3376 1396 3410 euno·

356 3433 423 3484 bano
436 3430 743 3496 inopinatissimus
759 3430 824 3480 dicte
834 3449 858 3484 v.
972 3439 1034 3500 tipue
1043 3446 1169 3500 aquensem

355 3511 496 3572 interpretes
513 3505 545 3554 ad
564 3503 636 3553 Ouid.
656 3505 722 3553 Fast.
745 3504 780 3553 iii.
797 3507 856 3556 829.
940 3508 1058 3574 instigant
1069 3510 1152 3557 studiis
1158 3526 1167 3568 ,-

356 3581 427 3642 Quod
440 3579 607 3644 juncti—ludi
630 3587 722 3644 septem
740 3579 812 3630 oodd.
833 3589 858 3630 et
907 3583 994 3648 Virgil.
1005 3583 1103 3631 AEneid.
1119 3598 1145 3632 v.
1163 3582 1222 3641 227,
1238 3581 1263 3632 in
1276 3579 1393 3632 cerubin

355 3661 427 3707 situm
443 3653 541 3720 triginti
559 3655 607 3702 iere
629 3653 726 3710 babent,
749 3653 855 3704 scn'ben·
904 3655 999 3716 navali,
1017 3656 1198 3722 ἐπευφήμησαν
1209 3655 1235 3706 δὲ
1246 3654 1343 3714 πάντες.
1352 3655 1391 3704 Ar-

244 3785 248 3796 ,
355 3731 413 3781 dum
423 3737 493 3797 putet
505 3729 635 3778 burmann.
905 3747 961 3796 gon.
975 3730 1054 3797 Apoll.
1069 3731 1103 3780 iv.
1120 3745 1168 3780 ver.
1182 3732 1249 3792 2953
1265 3727 1314 3796 μετ’
1328 3729 1391 3793 etpe-

387 3807 441 3856 Otia
454 3815 509 3854 nunt
524 3805 587 3854 iilic:
596 3806 723 3867 junetique
735 3821 761 3853 es
776 3808 856 3856 ordine
904 3807 963 3871 μίας
973 3806 1095 3874 ἐβόησαν,
1111 3805 1209 3855 llomer.
1221 3805 1340 3862 ξύναυλος
1349 3804 1390 3867 βοὰ

452 3883 503 3929 ludi
534 3903 542 3914 ·
904 3883 980 3948 χαρᾷ,
1002 3881 1083 3947 Eurip.
1103 3881 1192 3930 Electr.
1202 3881 1343 3946 fremituque
1361 3895 1389 3927 ss·

418 3955 505 4006 &tant
516 3954 600 4002 verbosi
608 3953 709 4018 garrula
719 3953 843 4019 bellasmi.
903 3959 979 4004 cundo
989 3953 1076 4020 Virgil.
1090 3953 1186 4003 AEneid.
1196 3969 1220 4003 v.
1232 3956 1291 4004 338.

352 4029 471 4098 Εφιίἀεω
483 4029 666 4092 juncti—ludi:
693 4026 853 4077 Cadunt—in·
935 4031 975 4079 24.
994 4029 1083 4093 Proque
1098 4029 1195 4093 tribu]
1213 4028 1270 4077 Tria
1282 4029 1334 4084 lota,
1346 4028 1387 4076 Ro-

351 4114 516 4171 terpungerem
533 4109 558 4152 et
571 4103 683 4166 legerem.
706 4101 853 4167 ·Elegnntiot
902 4119 1008 4162 manum,
1040 4103 1150 4160 cesaris,
1179 4103 1300 4168 Augusti:
1330 4111 1386 4152 urns

351 4179 423 4228 etiarn
440 4185 477 4230 est
493 4176 574 4235 lectio,
586 4177 685 4242 garrula
704 4177 763 4224 belia
777 4192 850 4242 quarn
900 4177 1001 4236 tbeutrn,
1015 4177 1132 4243 Pompeii,
1141 4175 1264 4236 Marcelli,
1274 4176 1358 4226 Statilii.
