2974 5100
345 361 412 428 32⁴
639 361 678 426 Ρ.
702 360 865 427 0V1n11
890 359 1103 428 NASONIS

349 535 475 622 Quum
490 533 599 609 Pelia
610 544 668 609 tot
681 535 757 608 sint
770 535 922 632 genitae,
937 556 1005 607 cur
1015 533 1152 608 nobilis
1165 557 1242 608 una
1252 544 1315 610 est
1325 533 1340 608 l
1352 536 1399 608 55

401 651 532 751 Nupta
548 650 619 724 luit
637 649 772 725 misem
791 673 929 749 nempe
948 651 1051 748 quod
1069 673 1144 724 una
1159 649 1253 724 viro.

349 767 479 854 Effice,
499 777 543 841 ut
560 766 696 842 Iliacas
714 777 846 864 tanget
863 769 964 866 prior
981 768 1077 841 alter
1094 789 1248 854 arenas;

399 881 605 956 Laodamia
622 883 714 956 nihil
733 907 800 956 cur
816 882 999 958 referatur
1013 883 1095 955 erit.

349 996 399 1071 Et
416 1009 494 1085 tua,
514 997 619 1096 quod
636 999 800 1084 mallem,
820 999 944 1097 pictas
962 997 1092 1094 ignota
1109 1005 1292 1082 maneret,

398 1112 630 1212 lmplessent
646 1115 749 1189 venti
768 1115 799 1188 si
818 1137 904 1188 maa
920 1115 1005 1188 vela
1022 1113 1094 1188 sui.
1351 1117 1397 1186 60

348 1227 398 1302 Dl
414 1238 557 1315 tamen,
575 1241 615 1304 et
634 1229 765 1304 Caesar
785 1231 854 1304 Dis
873 1253 1086 1315 accensure,
1107 1228 1299 1315 seddim,

397 1345 598 1443 AEquarint
617 1345 750 1443 Pylios
768 1369 887 1443 quum
904 1358 970 1420 tua
986 1345 1064 1420 fata
1080 1344 1187 1432 dies;

348 1459 434 1536 Non
453 1461 558 1549 mihi,
578 1463 644 1558 qui
662 1486 813 1561 poenam
830 1462 951 1538 fateor
968 1460 1165 1546 meruisse,
1185 1459 1254 1533 sed
1273 1458 1329 1531 illi

395 1577 559 1665 Parcite,
579 1602 678 1675 que,
698 1579 801 1652 nullo
820 1581 937 1676 digna
950 1579 1092 1664 dolore,
1112 1577 1240 1652 dolet!

693 1941 939 2017 ELEGIA
976 1940 1047 2016 Vl.

345 2167 405 2243 Tu
425 2193 591 2268 quoque,
611 2181 824 2244 nostrarum
842 2168 1035 2267 quondam
1053 2167 1194 2244 fiducia
1210 2193 1351 2258 rerum,

396 2284 471 2369 Qui
489 2286 581 2360 mihi
599 2285 829 2382 confugium,
845 2285 911 2382 qui
930 2284 1020 2358 mihi
1039 2295 1169 2383 portus
1188 2309 1296 2376 eras;

344 2399 403 2474 Tu
421 2403 534 2476 modo
552 2403 719 2501 suscepti
737 2425 897 2488 causam
911 2401 1071 2475 dimittis
1089 2401 1213 2488 amici,

348 2543 352 2551 ·
396 2517 598 2616 Officiique
615 2518 720 2617 pium
739 2527 817 2591 tam
836 2517 913 2592 cito
930 2517 1041 2616 ponis
1059 2517 1181 2590 onus?

376 2799 416 2846 ⁵5.
426 2795 846 2862 praecommonere]
931 2795 962 2843 n
983 2783 1126 2860 quanm
1147 2796 1193 2842 nrt
1215 2795 1307 2858 sarna
1332 2797 1398 2846 rena

344 2869 425 2919 Pelias
446 2870 510 2920 lilius
532 2871 577 2921 luit
598 2873 705 2938 Neptuni
732 2889 760 2922 cx
782 2873 845 2938 Tyro
960 2880 1030 2918 orant.

344 2945 466 3012 Nympha,
477 2945 526 2995 filia
536 2946 656 2996 Salmonei
668 2947 738 3011 regis,
750 2957 777 2996 ut
787 2948 844 2996 scri·
928 2945 968 2994 66.
990 2945 1074 2992 Misero
1096 2943 1167 3008 otro]
1197 2943 1295 2996 infelici
1317 2945 1398 2996 merito

342 3018 378 3066 bit
390 3018 516 3068 Homenu.
545 3021 630 3070 Refert
640 3019 703 3070 eninr
715 3021 777 3070 hanc
788 3036 844 3070 con·
895 3017 1009 3067 Admeto.

342 3093 449 3142 saevisse
471 3092 534 3144 circa
553 3094 617 3161 ripas
636 3094 723 3161 Enipei
740 3094 844 3146 fluminis
927 3091 967 3141 5⁷,
979 3091 1066 3156 Alcen]
1086 3091 1166 3150 Quam
1176 3091 1336 3142 Protesilaus:
1348 3091 1396 3158 qni,

342 3160 465 3217 delectari.
482 3169 542 3216 Eam
555 3169 690 3234 Neptunus,
699 3176 778 3218 sumta
786 3168 844 3216 Eni-
894 3182 966 3231 quum
978 3165 1067 3232 primus
1078 3181 1092 3214 e
1103 3164 1157 3215 nevi
1169 3165 1195 3216 in
1203 3165 1261 3216 litus
1270 3165 1397 3233 Trojanun

343 3239 382 3306 pei
397 3243 479 3298 forme,
491 3243 607 3306 virginem
622 3243 694 3309 cepit,
705 3253 731 3292 et
743 3258 799 3292 cum
815 3258 845 3293 ee
894 3239 1064 3298 descendisset,
1085 3239 1175 3306 primus
1196 3239 1227 3290 de
1250 3241 1344 3292 Grecis
1363 3250 1397 3292 cst

344 3314 482 3370 concubuit,
496 3316 627 3380 genuitque
644 3316 737 3364 Peliam
751 3325 775 3364 et
793 3315 843 3365 Ne·
894 3313 1050 3374 interiectus,
1068 3313 1165 3382 quicum
1180 3323 1257 3382 nupta
1271 3325 1325 3366 erat
1338 3317 1395 3368 Lao-

342 3386 416 3434 leum.
452 3387 535 3444 Peliae,
554 3389 682 3440 Thessaliae
701 3389 771 3454 regis,
788 3388 842 3438 filia
894 3388 982 3440 damin.

344 3459 438 3510 dierunt
458 3461 605 3528 nsompm,
622 3463 739 3520 Autonoe,
758 3463 843 3514 Alces-
926 3463 966 3512 62.
979 3461 1079 3528 Pyliae]
1097 3461 1154 3512 loe.
1165 3461 1283 3520 Nestoria,
1295 3463 1395 3514 sicdicti

343 3533 382 3582 tis.
422 3533 472 3582 Cur
494 3537 575 3584 nobilis
596 3555 644 3586 una
662 3546 702 3586 ert.
729 3537 842 3594 Alcestis,
893 3535 1163 3602 ePylo,patria‚urbe
1177 3536 1306 3586 Arcadia
1324 3555 1394 3603 quem

343 3607 425 3674 Eurip.
436 3609 484 3658 leb.
496 3609 512 3658 6
519 3625 527 3670 5
544 3611 608 3674 quod
623 3611 657 3660 sic
669 3611 755 3660 latine
765 3611 844 3660 reddi·
894 3610 997 3661 Ovidius
1008 3612 1111 3660 Metam.
1122 3610 1164 3660 xii.
1178 3611 1233 3660 187.
1244 3612 1292 3662 trin
1309 3614 1395 3663 occule

342 3695 411 3730 mus:
549 3735 553 3744 ¹
894 3684 980 3735 vixisse
992 3684 1081 3742 scribit,
1093 3693 1152 3750 quot
1168 3699 1243 3736 nonos
1255 3685 1329 3736 etiam
1343 3703 1394 3753 pre·

375 3757 474 3806 astuta
482 3759 566 3820 conju:
574 3773 617 3820 pro
629 3761 769 3820 momondet
780 3762 843 3808 viro:
894 3767 962 3809 cetur
973 3761 1091 3825 Augusto.
1117 3759 1233 3810 Hennes.

375 3831 472 3879 Alcestis
481 3831 533 3888 illo,
543 3832 627 3880 mulier
637 3835 723 3898 insigni
727 3834 788 3896 fide,

377 3905 482 3970 Migrare
491 3915 567 3969 sponte
577 3907 651 3956 voluit
661 3924 732 3957 annos
743 3910 768 3956 in
778 3925 828 3958 mor
926 3909 951 3957 ³.
964 3907 1051 3971 Modo]
1068 3906 1108 3956 Sic
1119 3905 1209 3958 habam
1219 3907 1324 3957 Putean.
1335 3907 1393 3958 Vos·

377 3979 463 4028 Canem
472 3983 590 4028 moritum.
893 3981 957 4033 silet
969 3991 1023 4032 octo
1034 3981 1075 4032 elii
1086 3980 1157 4032 codd.
1167 3983 1231 4048 qood
1243 3983 1393 4034 Burmannus

342 4053 405 4103 lllnc
418 4055 523 4120 Propert.
534 4055 576 4104 lib.
586 4054 611 4104 ii.
622 4054 690 4119 Eleg.
702 4069 725 4103 v.
736 4071 785 4104 ver.
797 4056 840 4106 15:
888 4056 943 4121 jure
960 4055 1066 4121 pretulit
1079 4055 1173 4120 vulgari
1189 4055 1287 4105 lectioni
1303 4072 1393 4121 quoqne,

342 4192 346 4198 ι
379 4128 440 4176 felis
455 4129 758 4190 Admetlconjun,etlsctat
773 4127 841 4194 Ulys-
892 4129 956 4196 quod
978 4146 1007 4178 ex
1027 4137 1078 4178 tota
1099 4129 1177 4194 elegia
1198 4138 1275 4196 patet,
1292 4130 1392 4180 amicum

407 4207 443 4258 είς,
891 4203 955 4268 prius
965 4201 1098 4270 suscepisse
1105 4202 1193 4254 exsulis
1203 4219 1322 4267 caunum,
1329 4202 1390 4256 dein·
1478 4231 1479 4235 =
