3064 5104
340 355 492 426 ARTIS
516 353 784 424 auduom
807 354 901 423 ΗΒ.
924 357 995 424 ΙΙΙ.
1153 359 1198 428 76

146 523 374 605 iamdudum
392 553 601 629 persuasus
619 529 701 616 erit,
716 529 955 606 miserebitur
972 533 1092 608 ultro:

194 643 244 719 Et
258 645 378 734 dicet,
399 645 507 720 Curi
523 645 689 744 carpitur
705 645 779 719 ista
795 646 882 720 mei.
1122 653 1197 725 680

151 761 353 863 Praecipue,
373 762 409 837 si
428 763 554 837 cultus
571 763 654 849 erit,
673 763 906 862 speculoque
923 765 1102 863 placebit,

197 877 313 954 Posse
330 903 405 953 suo
422 879 528 976 tangi
546 878 676 954 credet
692 903 818 954 amore
836 878 952 954 Deos.

153 993 225 1068 Sed
240 1003 291 1082 te,
310 1012 569 1092 quaecumque
587 1018 642 1080 es,
662 995 855 1069 moderate
873 994 1009 1093 injuria
1023 1000 1176 1092 turbet;

196 1109 232 1183 N
234 1133 281 1185 en
298 1110 351 1184 sis
370 1109 507 1186 audita
525 1111 661 1212 pellice
678 1110 816 1186 mentis
833 1111 956 1210 inops.

153 1224 229 1300 Nec
246 1225 322 1300 cito
339 1227 562 1304 credideris.
596 1237 784 1326 quantum
801 1227 878 1302 cito
895 1227 1049 1305 credere
1066 1231 1194 1320 laedat,

197 1339 430 1442 Exemplum
446 1344 554 1418 vobis
571 1367 648 1420 non
666 1346 748 1420 leve
766 1342 917 1418 Procris
935 1345 1018 1419 erit.
1121 1352 1194 1424 686

153 1453 217 1530 Est
229 1481 347 1558 propa
364 1483 579 1558 purpureos
597 1461 713 1535 colles
731 1457 901 1534 florentis
920 1457 1095 1558 Hymetti

197 1571 294 1648 Fons
312 1597 436 1661 sacer,
456 1585 496 1650 et
510 1574 619 1678 viridi
637 1575 782 1674 cespite
800 1573 924 1648 mollis
942 1575 1092 1651 humus.

153 1685 247 1762 Silva
263 1713 400 1764 nemus
418 1713 495 1765 non
513 1692 590 1767 alta
605 1691 713 1782 sacit;
733 1691 829 1790 tegit
846 1692 1000 1766 arbutus
1018 1693 1192 1775 herbam:
1251 1677 1254 1686 ⁵

197 1804 274 1880 Ros
292 1808 422 1894 maris,
436 1817 477 1881 et
492 1808 599 1895 lauri,
613 1809 796 1908 nigraque
813 1817 959 1907 myrtus
976 1807 1091 1885 olent.
1119 1815 1194 1888 690

152 1917 228 1995 Nec
244 1921 373 2010 densae
392 1921 492 1996 foliis
509 1923 616 2012 buxi,
634 1923 862 2023 sragdlesque
878 1924 1044 2022 myricae,

196 2035 276 2112 Nec
294 2049 435 2114 tenues
452 2039 577 2136 cytisi,
596 2041 774 2138 cultaque
792 2039 903 2138 pinus
922 2040 1042 2115 abest.

150 2148 307 2245 Lenibus
324 2153 503 2252 impulsae
521 2153 717 2254 Zephyrio,
736 2155 906 2252 auraque
923 2155 1078 2244 salubri,

194 2265 265 2342 Tot
276 2293 464 2367 generum
476 2267 640 2356 frondes,
652 2269 845 2367 herbaque
856 2293 1004 2346 summa
1013 2281 1191 2346 tremunt.

149 2380 261 2457 Grata
276 2386 392 2484 quies
411 2383 597 2482 Cephalo.
616 2384 765 2460 famulis
782 2385 1018 2486 canibusque
1035 2387 1176 2462 relictis

194 2497 331 2576 Lassus
349 2503 394 2575 in
411 2500 483 2575 hac
496 2503 645 2600 juvenis
663 2527 765 2602 saepe
782 2503 923 2579 resedit
938 2504 1066 2578 humo.
1119 2507 1194 2578 696

176 2835 230 2886 669.
246 2837 310 2886 Silva
325 2853 410 2886 mus
424 2851 470 2886 non
479 2836 551 2902 ulta]
570 2837 600 2888 Id
611 2846 647 2888 eat
695 2837 862 2889 Daulisuus.
878 2835 1083 2902 intelligitpinusa
1093 2838 1198 2890 domaret-

147 2909 252 2962 lieetsiut
262 2912 360 2962 arbores
370 2927 420 2960 nou
432 2911 495 2970 alte,
502 2919 584 2962 tamen
591 2919 648 2979 apta
696 2927 754 2969 cass,
764 2927 807 2962 seu
815 2911 948 2960 hortm.
960 2925 988 2958 ac
1000 2909 1098 2976 proinde
1108 2913 1197 2964 enirm

147 2985 295 3036 subulaaioni
306 2995 331 3036 et
341 2985 422 3051 quieti
432 2991 469 3036 est
479 2987 571 3035 umbra.
581 2986 648 3036 itaet
695 2983 765 3042 dixit,
781 2993 809 3034 ut
823 2999 838 3034 a
856 2983 965 3049 sylvestri
982 2983 1041 3050 pinu
1056 2983 1198 3053 dutingmt.

146 3057 257 3111 dsberbis
266 3057 597 3128 dimdisiassllisgilium,
605 3062 648 3112 lib.
696 3056 949 3124 vagitoctvitoo.
1135 3061 1143 3074 ¹

147 3131 568 3200 iGeorg.15³.rub'ropmrum
585 3135 646 3198 lap·
729 3131 845 3182 Fruas'susr
861 3133 887 3180 iss
901 3133 965 3180 sitve
978 3132 1144 3194 pulcherrim,
1159 3139 1197 3200 pi.

144 3206 647 3274 mutribssliqus,notst8ersiua.eteou-
792 3207 959 3256 nurinbortis.

146 3289 180 3330 tra
194 3282 223 3334 ds
242 3299 343 3350 quercu,
361 3281 408 3331 lib.
423 3281 458 3331 iii.
473 3281 573 3331 AEue'id.
590 3283 646 3332 660.
696 3280 768 3340 Quod
799 3280 956 3346 χαμαίπιτνς
980 3277 1158 3345 intelligebatur
1181 3301 1197 3336 a

144 3357 200 3406 rilss
215 3359 266 3406 utta
281 3357 356 3408 donis.
370 3357 453 3406 siluam
470 3363 549 3406 autem
566 3365 591 3406 et
607 3374 647 3407 ne·
695 3353 823 3419 Scaligero,
834 3369 864 3403 na
874 3353 936 3403 illud
943 3352 1041 3418 quidem
1051 3353 1196 3420 admiserim,

144 3447 192 3478 saar
208 3431 303 3482 diveraa
323 3445 380 3480 esau
401 3427 511 3478 videmus
536 3429 564 3478 ii.
585 3430 648 3480 Met.
695 3443 751 3477 cum
762 3428 915 3494 χαμαίπιτυς
927 3426 1196 3482 interherbassl'liuio

146 3504 201 3554 ⁴³6.
227 3505 319 3554 Busrs.
695 3509 853 3559 recensestur,
866 3509 892 3551 et
906 3509 1003 3550 vocetur
1018 3501 1048 3550 sb
1067 3517 1096 3551 eo
1113 3505 1195 3570 abiga,-

174 3579 231 3627 690.
248 3578 409 3628 Rosmriset
420 3575 522 3640 uana]
542 3575 588 3626 lios
598 3595 658 3626 asan
695 3575 893 3641 Pinusnuaquam
901 3573 1042 3640 appelletur.
1058 3576 1151 3627 Harus.
1170 3588 1197 3630 et

145 3655 174 3702 ris
187 3663 209 3702 st
225 3656 290 3703 lauri
303 3669 336 3702 ex
351 3649 459 3716 scriptis.
481 3650 574 3700 Herus.
596 3651 648 3702 Flos
696 3647 920 3698 coloniensium.
931 3649 955 3697 4.
967 3647 1070 3710 Cytisum
1081 3653 1196 3712 etpissum

143 3730 209 3776 assis
218 3724 379 3778 Pausiased
391 3724 437 3774 Ru
445 3726 514 3772 muris
523 3723 646 3782 remedi·
695 3739 790 3789 quoque
800 3719 931 3788 conjungit.
942 3736 1087 3786 quamquam
1099 3723 1129 3772 Ρ.
1136 3723 1195 3774 Vic-

143 3807 176 3850 ter
200 3801 364 3856 Rosam-imm
391 3795 485 3846 Gracu
505 3796 647 3860 λιβανύης.
695 3795 1050 3854 torius,libroaxv.Var.lsct.
1060 3799 1195 3864 cap.5.qui

143 3874 229 3926 Bursa.
695 3881 805 3920 accurate
816 3870 846 3920 de
855 3867 1080 3926 bisomnlbua‚utet
1089 3869 1195 3923 deversa

173 3949 231 3998 692.
249 3947 300 3998 Nec
314 3957 398 3994 amnas
408 3945 476 4006 cytisi
491 3944 598 4008 malisque
611 3947 648 4006 pi·
696 3945 752 3994 406.
762 3945 787 3994 ἰιι
798 3944 881 3996 culice
892 3959 908 3992 a
924 3943 1015 3991 Bembo
1032 3943 1196 3995 malenutato

143 4024 279 4087 msam]
300 4019 512 4082 Forte,ssultuqns
523 4021 592 4080 pirrus
606 4021 647 4068 ab·
696 4020 754 4084 agit,
765 4035 807 4085 per
821 4020 903 4081 pirrum
914 4031 962 4065 uon
978 4017 1084 4064 arborem
1094 4025 1196 4076 vastam,
1226 4029 1233 4041 ¹

140 4107 180 4148 ert.
212 4097 324 4163 Scaliger
339 4092 374 4142 ud
389 4090 433 4140 ills
449 4092 527 4150 verba,
543 4093 649 4156 caltaque
696 4093 739 4144 sed
751 4094 877 4160 virgultum
889 4087 1010 4155 intelligit.
1043 4089 1133 4166 Eunu.

138 4169 213 4236 piaris,
233 4173 264 4224 rb
292 4165 469 4236 χαμαίπιτυν,
489 4163 649 4218 nubentem.
