2974 5100
351 387 415 454 338
645 383 685 448 Ρ.
702 380 864 448 uvion
889 381 1100 448 NASONIS

354 561 500 646 Quassa
522 569 649 632 tamen
676 567 804 632 nostra
828 567 899 643 est,
918 581 992 632 non
1016 555 1147 644 fracta,
1167 581 1239 632 uec
1263 559 1396 633 obruta

501 674 660 774 rurum

403 791 531 890 thue
546 801 649 866 caret
665 801 787 890 portu,
808 790 863 864 sic
880 801 1008 864 tamen
1025 801 1153 865 exstat
1171 793 1295 890 aquis.

354 909 436 984 Nec
450 909 579 996 vitam,
593 933 663 982 nec
677 933 782 1008 opes,
796 931 866 982 nec
877 910 940 1005 jus
954 905 1045 980 mihi
1059 907 1151 981 civis
1165 908 1328 998 ademit;
1352 913 1391 982 15

402 1025 497 1111 Quae
514 1025 633 1100 merui
650 1025 739 1098 vitio
757 1026 913 1123 perdere
931 1034 1069 1098 cuncta
1085 1047 1192 1099 meo:

354 1142 431 1216 Sed
448 1142 539 1239 quia
556 1151 713 1240 peccato
730 1141 875 1216 facinus
893 1165 968 1215 nou
986 1140 1105 1214 adluit
1122 1141 1190 1227 illi,

403 1257 468 1331 Nil
485 1257 557 1334 nisi
574 1281 634 1332 me
653 1259 784 1356 patriis
797 1259 913 1357 jussit
927 1258 1063 1332 abesse
1079 1257 1185 1334 focis.

354 1373 485 1472 thue
504 1373 599 1461 aliis,
625 1397 821 1448 numemm
841 1397 1002 1471 quorum
1029 1373 1301 1473 comprendere
1324 1399 1390 1446 non

403 1490 618 1566 Caesareum
635 1514 788 1576 numen,
807 1489 862 1564 sic
880 1488 985 1577 mihi,
1005 1490 1096 1564 mite
1114 1489 1196 1564 fuit.
1309 1492 1390 1586 [est

353 1605 441 1706 lpse
461 1606 627 1704 relegati,
647 1631 721 1681 non
739 1607 894 1694 exsulis,
913 1607 1030 1680 utitur
1048 1606 1087 1680 in
1104 1630 1165 1681 me
1347 1611 1386 1678 21

403 1723 589 1799 Nomine:
609 1735 692 1799 tuta
708 1749 776 1798 suo
789 1722 919 1822 judice
936 1747 1052 1797 causa
1069 1744 1155 1797 mea
1171 1732 1245 1797 est.

351 1839 375 1912 J
379 1863 444 1914 ure
461 1840 574 1937 igitur
591 1841 735 1928 laudes
756 1841 898 1928 Caesar,
917 1865 986 1939 pro
1003 1849 1109 1939 parte
1126 1839 1223 1912 virili

404 1956 582 2031 Carmina
598 1967 726 2031 nostra
742 1967 827 2031 tuas
845 1957 1125 2055 qualiacunque
1141 1965 1306 2030 canunt:

351 2069 375 2143 J
378 2094 443 2146 ure
462 2071 579 2161 Deos,
595 2083 637 2147 ut
654 2073 777 2148 adhuc
794 2073 879 2148 coeli
896 2073 965 2147 tibi
982 2073 1113 2147 limina
1129 2072 1322 2158 claudant,
1346 2077 1390 2147 25

402 2183 534 2284 Teque
550 2188 667 2263 velint
684 2189 765 2264 sine
784 2213 825 2263 se
842 2212 1063 2288 comprecor
1079 2211 1167 2263 esse
1184 2187 1324 2263 Deum.

354 2301 474 2401 Optat
490 2302 591 2378 idem
608 2305 792 2403 populus:
818 2305 886 2379 sed
903 2315 946 2378 ut
964 2305 1003 2378 in
1021 2327 1123 2379 mare
1141 2301 1299 2378 flumina
1314 2325 1391 2377 vas·

405 2417 469 2493 Sic
487 2421 583 2494 solet
599 2420 745 2516 exiguae
760 2444 909 2496 currere
927 2422 1027 2494 rivus
1043 2445 1165 2519 aquae.
1287 2422 1392 2516 [tum,

352 2535 405 2610 At
422 2545 464 2608 tu
481 2533 679 2624 fortunam,
698 2538 807 2634 cujus
821 2561 934 2612 vocor
950 2539 1058 2610 exsul
1077 2537 1125 2611 ab
1143 2559 1221 2622 ore,

404 2650 566 2728 Nomine
580 2653 752 2727 mendaci
770 2677 882 2753 parce
899 2678 1053 2752 gravare
1071 2677 1209 2730 meam.
1347 2657 1393 2726 30

387 2902 425 2950 1³.
439 2902 525 2956 Quam
543 2911 626 2958 maren,
640 2901 699 2965 dic]
717 2902 769 2952 Hoc
787 2902 849 2952 exsi-
900 2903 963 2970 apud
975 2903 1069 2952 Lucret.
1080 2899 1211 2974 imitatione
1223 2898 1393 2965 Homeri.apud

352 2975 411 3024 lium
431 2982 468 3025 est
488 2973 546 3024 milri
566 2974 639 3024 instar
661 2975 780 3042 procelle,
801 2991 850 3040 qua
899 2993 971 3042 quem
987 2975 1059 3026 simili
1079 2975 1223 3025 circuitionis
1245 2974 1321 3038 lig-un
1337 2972 1395 3040 φάος
1450 2969 1451 2982 ’

351 3049 435 3115 agitor,
457 3066 504 3100 uon
528 3051 672 3116 submerget.
709 3051 849 3100 Submemut
902 3051 993 3113 ἠελίοιο
1003 3050 1131 3118 sepissime
1142 3049 1238 3114 legitur.
1260 3049 1360 3098 Bsnsrr.
1449 3073 1450 3093 r

353 3123 536 3182 summalae
548 3124 711 3175 interemisset.
737 3125 816 3175 Porri.
931 3123 1394 3188 26.Tquuttnt.]1dest,veltntm
1448 3163 1449 3203 q

387 3199 426 3247 16.
439 3197 499 3248 Vitio
508 3199 577 3262 mm]
597 3199 655 3248 Meo
665 3213 750 3250 urere.
898 3206 922 3248 te
934 3198 1013 3249 Deum
1019 3196 1156 3247 nobiscum.

385 3273 426 3322 22.
444 3271 506 3322 Tuta
523 3273 575 3337 m]
598 3273 653 3321 Non
670 3282 749 3339 potest
764 3273 849 3340 perire.
930 3275 972 3323 27.
986 3273 1029 3322 Sed
1044 3281 1073 3320 ut
1087 3276 1112 3320 tn
1127 3287 1191 3320 nore
1199 3270 1325 3335 flumina]
1344 3270 1394 3319 Hoc
1447 3259 1448 3315 l

353 3344 399 3392 Suo
403 3346 496 3407 judice.
512 3344 621 3410 Augusto
628 3345 718 3411 judice.
752 3347 849 3396 lrenim
899 3346 969 3396 dicit:
987 3347 1026 3395 lta
1042 3359 1111 3400 mee,
1128 3351 1157 3392 ut
1172 3343 1254 3410 populi
1267 3359 1350 3408 preces
1365 3343 1394 3392 ad
1446 3359 1447 3427 p

350 3416 468 3482 judicavit
484 3433 522 3467 me
537 3434 584 3468 non
599 3419 713 3476 exsulem,
729 3419 771 3469 red
790 3421 849 3470 rele-
899 3420 965 3470 Deos
985 3418 1133 3485 perveniunt,
1151 3417 1352 3484 quemadmodum
1373 3427 1397 3466 et

352 3497 446 3555 gutum:
458 3506 512 3557 que
522 3507 595 3558 prena
604 3491 764 3543 iuolliorerat.
778 3494 849 3543 Men.
899 3509 972 3560 parva
988 3492 1087 3543 flumina
1101 3507 1166 3541 mare
1179 3491 1214 3542 ita
1226 3491 1396 3557 ingrediuntur,
1445 3461 1446 3537 l

384 3565 425 3612 π.
437 3563 545 3614 cutim
557 3564 658 3627 timim]
678 3563 770 3614 uranu
781 3567 848 3616 tumt-
898 3577 1032 3632 utmagnr.
1055 3567 1129 3614 Mn.

352 3657 384 3688 aa
400 3637 462 3704 prior
480 3637 568 3700 lectio;
594 3637 688 3705 poetica
708 3639 850 3706 periphrasin
932 3643 972 3690 ³0.
987 3640 1083 3690 Noniae
1101 3637 1225 3702 mmet]
1246 3637 1330 3688 Fulso:
1348 3653 1394 3688 non

353 3728 396 3777 pro
412 3712 482 3770 coelo,
499 3713 561 3762 sicut
577 3715 665 3762 tumim
678 3713 729 3762 rotis
742 3729 784 3779 pro
800 3713 849 3765 sola
899 3713 962 3764 enim
973 3729 1024 3764 sum
1035 3713 1111 3763 exsul.
1134 3711 1215 3762 Pour.
