3020 5106
279 389 521 458 TRISTIUM
544 389 635 458 LIB.
660 390 709 457 11.
733 391 803 458 En.
827 391 992 460 ululet.
1102 395 1168 460 215

115 561 217 638 Talia
233 563 376 638 fumosi
394 565 576 663 luduntur
592 588 724 640 mense
741 565 965 652 decembris,

161 677 257 764 Quae
276 681 419 754 damno
437 680 528 755 nulli
545 680 804 780 composuisse
822 680 905 755 fuit.

117 795 185 870 Hic
203 821 277 892 ego
295 795 485 894 deceptus
503 783 578 870 nori
596 795 718 870 tristia
734 797 902 871 carmina
917 795 1014 886 ieci;

162 911 240 986 Sed
260 910 382 984 tristis
401 920 550 986 nostros
568 935 681 1009 poena
697 921 830 986 secuta
841 914 963 1009 jocos.

117 1019 291 1124 Denique
310 1049 383 1100 nec
401 1026 512 1100 rideo
529 1027 579 1100 de
596 1036 653 1099 tot
669 1025 923 1100 scribentibus
942 1052 1071 1114 unum,
1092 1031 1166 1101 495

160 1140 287 1227 Quem
305 1165 377 1215 sua
394 1140 603 1240 perdiderit
620 1139 759 1216 Musa:
789 1154 960 1239 repertus
978 1167 1063 1240 ego.

117 1258 226 1346 Quid,
247 1259 282 1332 si
299 1259 540 1356 scripsissem
557 1258 705 1344 mimos,
725 1259 904 1333 obscoena
916 1262 1103 1357 j0cantes,

163 1373 239 1460 Qui
257 1398 412 1473 semper
429 1375 506 1450 ficti
524 1374 668 1449 crimen
686 1374 822 1448 amoris
841 1373 1007 1450 habenti

119 1488 318 1586 inquibus
337 1488 497 1564 adsidue
515 1489 640 1563 cultus
658 1489 829 1586 procedit
846 1490 1007 1577 adulter,

163 1605 369 1702 Verbaque
387 1605 454 1678 dat
471 1604 589 1677 stulto
607 1603 746 1677 callida
765 1615 884 1704 nupta
900 1605 990 1678 viro.
1094 1609 1168 1678 500

118 1719 265 1794 Nubilis
283 1721 356 1794 bos
373 1720 490 1816 virgo,
509 1730 770 1818 matronaque,
789 1721 934 1820 virque,
953 1747 1123 1820 puerque

165 1836 339 1935 Spectat,
359 1846 401 1910 et
418 1861 439 1910 e
457 1860 594 1932 magna
606 1849 719 1935 parte
737 1847 889 1911 senatus
904 1838 1025 1912 adest.

119 1951 196 2026 Nec
214 1953 309 2026 satis
320 1953 485 2026 incestis
503 1953 678 2027 temerari
695 1953 850 2028 vocibus
868 1977 997 2044 aures;

164 2067 413 2142 Adsuescunt
430 2069 529 2142 oculi
549 2069 668 2144 multa
685 2070 864 2168 pudenda
881 2071 973 2170 pati.

119 2181 321 2280 Quumque
340 2182 623 2258 fefellit-amans
642 2185 770 2282 aliqua
787 2188 954 2261 novitate
972 2187 1160 2272 maritum,

124 2326 128 2334 ·
164 2297 380 2385 Plauditur‚
400 2309 439 2374 et
456 2323 593 2396 magno
611 2300 737 2398 palma
754 2299 878 2376 favore
895 2303 1020 2376 datur.
1096 2307 1168 2376 506

119 2413 277 2514 Quoque
296 2415 424 2488 minus
438 2416 606 2513 prodest,
626 2441 741 2490 scena
757 2423 818 2491 'est
834 2418 983 2492 lucrosa
1000 2429 1135 2517 poetae,

163 2531 367 2627 Tantaque
386 2555 460 2603 non
479 2554 592 2628 parvo
610 2531 768 2605 crimina
785 2541 922 2632 praetor
940 2533 1043 2606 emit.

119 2645 267 2748 Inspice
286 2647 465 2722 ludorum
484 2658 643 2735 sumtus,
663 2648 848 2744 Auguste,
868 2659 1037 2721 tuomrn:

163 2765 280 2840 Emta
297 2764 370 2839 tibi
386 2781 523 2861 magno
540 2765 630 2839 talia
647 2766 769 2839 multa
784 2765 901 2861 leges.
1097 2767 1171 2836 510

117 2879 204 2955 Haec
222 2893 267 2956 tu
279 2881 487 2980 spectasti,
508 2882 794 2981 spectandaque
812 2903 913 2978 saepe
931 2879 1092 2966 dedisti;

159 2997 355 3096 Majestas
374 2995 469 3072 adeo
487 2999 604 3072 comis
623 3000 766 3096 ubique
784 3007 946 3073 tuaest:

118 3113 424 3210 Luminibusque
443 3115 654 3210 tuiS,„totus
673 3115 814 3214 quibus
832 3115 971 3187 utimur
988 3113 1102 3198 orbiu,

160 3233 333 3307 Scenica
350 3229 479 3304 vidisti
497 3232 624 3306 lentus
643 3230 840 3306 adulteria.

142 3470 199 3518 491.
223 3468 296 3518 Tutin
315 3466 456 3530 ludamus]
481 3465 550 3516 Talia
566 3481 623 3516 vasa
673 3465 766 3516 tabulas
787 3467 906 3523 emebant,
925 3481 986 3530 quas
1004 3467 1113 3518 ludorum
1133 3468 1172 3518 die

113 3542 264 3592 celebrantur
276 3540 389 3608 apoetin
398 3541 572 3598 Saturnalibus,
581 3541 623 3590 de·
672 3541 765 3590 recitari
778 3542 897 3606 jubebant
906 3557 914 3600 ;
930 3541 994 3590 uude
1010 3541 1172 3605 legimurrtn·

115 3616 200 3664 cembri
212 3631 307 3664 mensa.
343 3615 434 3664 Harsa.
672 3616 746 3664 driaru
761 3615 866 3666 Terentii
881 3625 960 3664 actam
974 3615 1037 3666 ludis
1047 3616 1173 3680 Megalen-

145 3691 205 3739 497.
232 3689 310 3745 Quid,
332 3689 504 3750 timpum
523 3689 620 3753 mium]
672 3691 754 3752 sibus5
771 3691 844 3740 aliam
855 3690 919 3739 ludis
929 3689 1077 3740 funebribus.

115 3762 183 3812 numi
202 3771 274 3812 erant
296 3771 409 3827 poenus
425 3760 476 3810 siue
493 3762 624 3812 reverentia
704 3766 761 3814 514.
779 3765 987 3826 &suumomni
999 3766 1064 3814 ternu
1079 3765 1173 3814 adulte-

114 3837 237 3888 lasciviam
250 3835 383 3893 imitantia,
394 3851 448 3900 quar
464 3853 479 3884 ι
493 3836 621 3901 mimogra·
672 3840 732 3902 rim]
753 3838 854 3888 Rectiru
870 3837 965 3887 omnino
978 3841 1053 3888 butas
1064 3854 1104 3886 ser
1123 3853 1172 3886 rne-

114 3911 173 3974 pbir,
184 3911 209 3960 id
221 3919 269 3968 est,
281 3909 438 3975 scriptoribus
449 3909 574 3960 mimorum
584 3911 622 3960 ln·
673 3912 761 3972 liorem
778 3913 833 3962 vide
850 3921 926 3970 nom,
939 3913 1015 3978 Epist.
1026 3911 1078 3960 xix.
1090 3928 1113 3960 v.
1124 3913 1152 3960 dl
1166 3929 1172 3958 ε

114 3983 149 4032 dis
159 3985 190 4034 ad
202 3983 334 4034 oomoediae
348 3983 446 4032 sormam
458 3983 589 4050 composita
599 3983 623 4032 in
672 3986 736 4051 apud
759 3987 843 4036 Horat.
868 3985 910 4034 lib.
931 3985 949 4033 i.
969 3985 1037 4051 Epist
1058 3983 1076 4030 i.
1098 3986 1174 4034 lentur

113 4059 190 4109 scenis
201 4059 352 4124 agebantur.
672 4070 791 4122 mactator,
807 4063 928 4122 portatori
944 4061 1020 4106 reduto
1032 4056 1172 4121 obponitur:

144 4136 201 4184 508.
220 4134 316 4182 Praetnr
327 4132 404 4194 omit]
424 4130 623 4188 Pretoreaenim
707 4135 830 4183 Esorumt
850 4136 926 4184 butus
945 4140 1064 4194 opacantur,
1081 4131 1175 4178 udatur

113 4223 153 4256 reu
164 4207 250 4258 adires
261 4205 336 4256 ludos
347 4202 477 4262 iaciebant,
489 4214 513 4254 et
524 4220 539 4252 a
550 4203 624 4267 poetis
738 4211 818 4256 instat.

739 4289 786 4335 1³4
