2974 5100
296 341 369 406 EX
394 340 553 408 ΡΟΝΤΟ
578 341 667 406 LIB.
692 343 740 407 11.
766 341 910 410 EPIST.
934 343 982 408 X.
1090 345 1155 412 435

432 629 754 706 EPISTOLA
788 633 837 707 X.

543 831 723 898 MAGRO.

113 989 280 1072 Ecouro
301 992 351 1067 ab
369 992 560 1092 impressae
578 993 776 1090 cognoscis
793 995 955 1092 imagine
973 1019 1130 1094 gemmae

157 1106 254 1183 Haec
273 1108 347 1182 tibi
365 1107 556 1184 Nasonem
574 1108 739 1184 scribere
755 1111 880 1197 verba,
901 1109 1058 1187 Macer?

112 1223 367 1322 Auctorisque
384 1225 443 1298 sui
460 1225 493 1300 si
510 1249 585 1300 non
604 1235 663 1300 est
679 1227 839 1300 annulus
856 1227 985 1315 index,

160 1340 376 1438 Cognitane
393 1351 452 1415 est
468 1351 596 1416 nostra
611 1341 721 1417 litera
737 1341 837 1416 sacta
853 1345 990 1418 manu?

111 1455 172 1529 An
188 1455 259 1529 tibi
277 1455 450 1531 notitiam
467 1480 572 1531 mora
587 1457 767 1557 temporis
785 1457 895 1556 eripit
911 1459 1069 1533 hommi
1130 1466 1152 1534 5

164 1569 246 1645 Nec
265 1582 442 1670 repetunt
458 1571 558 1646 oculi
576 1573 684 1670 signa
699 1583 849 1648 vetusta
864 1574 945 1648 tui?

112 1685 176 1758 Sis
193 1685 285 1761 licet
301 1687 441 1763 oblitus
458 1687 598 1786 pariter
615 1711 849 1786 gemmaequc
866 1712 1088 1788 manusque,

163 1799 362 1876 Exciderit
378 1813 524 1878 tantum
541 1828 589 1878 ne
605 1804 674 1880 tibi
692 1828 783 1880 cura
798 1806 885 1880 mei.

111 1915 237 2002 Quam
255 1927 298 1991 tu
315 1917 375 1990 vel
393 1917 494 2015 longi
512 1918 630 1994 debes
648 1921 878 1995 convictibus
896 1921 978 2008 oevi,

161 2031 234 2108 Vel
251 2057 338 2107 mea
355 2035 457 2131 quod
475 2036 613 2133 conjux
631 2058 705 2108 non
722 2034 845 2110 aliena
862 2034 951 2124 tibi3
1110 2041 1154 2111 10

110 2147 183 2224 Vel
202 2148 351 2236 studiis,
363 2148 500 2247 quibus
518 2175 572 2238 es,
592 2175 706 2249 quam
723 2175 804 2238 nos,
818 2152 1025 2251 sapientius
1043 2177 1152 2242 usus;

163 2263 295 2363 thue
312 2264 435 2352 decet,
455 2265 557 2341 nulla
572 2265 693 2340 tactus
708 2291 749 2342 es
767 2267 859 2341 Arte
876 2289 1029 2341 nocens.

111 2379 170 2454 Tu
187 2380 294 2455 canis
312 2391 452 2455 aeterno
470 2381 653 2480 quicquid
671 2383 838 2457 restabat
855 2379 1034 2468 Homero,

162 2494 198 2569 N
201 2520 224 2571 e
240 2505 396 2571 careant
412 2519 558 2570 summa
575 2495 709 2572 Troica
724 2496 802 2570 fata
818 2519 943 2571 manu.

112 2611 216 2688 Naso
227 2636 360 2710 parum
374 2611 552 2712 prudens,
564 2611 695 2687 Artem
705 2611 795 2685 dum
805 2612 918 2686 tradit
928 2611 1091 2701 amandi,
1108 2617 1152 2686 15
1296 2643 1299 2650 ’

162 2728 358 2804 Doctrinae
374 2729 534 2828 pretium
552 2730 659 2804 triste
677 2727 855 2825 magister
871 2727 997 2801 habet.

111 2845 213 2920 Sunt
225 2856 355 2920 tamen
373 2845 470 2921 inter
487 2871 527 2922 se
545 2845 759 2921 communia
776 2867 883 2920 sacra
899 2843 1034 2943 poetis,

162 2959 365 3036 Diversum
379 2962 549 3059 quamvis
567 2962 728 3061 quisque
747 2981 949 3059 sequamur
964 2957 1047 3034 iter.
1073 2969 1076 2975 “

110 3076 283 3162 Quorum
297 3087 336 3152 te
349 3101 565 3165 memorem,
580 3099 797 3176 quanquam
812 3073 943 3175 procul
961 3073 1152 3162 absumus,

163 3191 359 3292 Suspicor,
378 3203 418 3266 et
434 3217 545 3267 casus
562 3193 658 3268 velle
679 3193 802 3267 levare
819 3214 936 3265 meos.
1052 3191 1155 3286 [esse

144 3365 168 3412 1.
185 3361 291 3429 langiu
307 3361 385 3426 σπι]
403 3362 500 3412 Gmmae
517 3363 610 3427 fragm.
694 3361 732 3412 11.
745 3359 896 3424 Vetatudiis]
909 3359 1024 3416 tumaci.
1036 3359 1074 3410 vel
1084 3374 1156 3426 qum

109 3435 248 3486 Bethor-mii
263 3445 289 3486 et
305 3434 415 3486 rmcot
430 3434 540 3502 quamvis
555 3451 610 3487 vero
658 3449 740 3486 caram
746 3434 876 3486 maidebes
882 3432 1046 3484 communibus
1055 3432 1154 3486 studiis:

108 3512 232 3576 vulgatam
242 3508 341 3560 defendi
351 3523 418 3574 poue
430 3508 513 3566 reim,
524 3509 610 3560 tectim
658 3511 699 3574 (ot
711 3507 827 3572 diximus)
841 3507 948 3558 honines
960 3507 1062 3559 invicem
1077 3507 1157 3558 conm-

109 3593 191 3635 ΒΜ
200 3599 255 3634 meo
261 3583 355 3651 judicio
363 3598 458 3649 gemma
468 3582 555 3634 dicitur
565 3582 609 3634 im·
659 3583 717 3634 liare
726 3582 804 3634 solent
814 3599 842 3634 nc
852 3581 948 3634 debent.

108 3657 189 3722 primi,
199 3673 273 3724 quun
290 3672 355 3716 cert,
367 3657 406 3710 cui
420 3673 515 3724 gemma
529 3655 611 3724 impri·
693 3658 731 3708 1³.
750 3657 869 3722 Quidquid
885 3656 1009 3720 remcort]
1032 3653 1155 3720 Quidquid

108 3732 156 3780 mit
172 3731 318 3798 imaginem
345 3742 370 3782 et
395 3731 440 3782 hoc
459 3731 611 3782 confirmatur
658 3731 874 3798 posteaquniprc
884 3729 1155 3796 scapumpemne-

108 3821 236 3863 monna
248 3807 273 3855 7.
300 3807 390 3856 Bunrr.
658 3803 917 3866 bttfflomamrenim
927 3803 1019 3854 bellum
1027 3801 1155 3866 Trojanum

144 3879 168 3928 6.
187 3879 236 3931 Nec
256 3879 385 3943 repetunt]
403 3879 455 3930 Nec
475 3878 610 3928 memoriam
658 3877 782 3944 descripsit
792 3893 868 3945 unque
878 3876 910 3928 nd
920 3885 1018 3926 mortem
1028 3871 1147 3924 Hectoris.

109 3952 237 4003 reducunt.
273 3953 347 4019 Signo
364 3963 461 4002 mma.
479 3952 610 4018 Antiquam
693 3950 732 4001 la.
750 3951 871 4002 Diuorum
896 3949 963 4012 tm]
991 3946 1054 4006 Quia
1072 3946 1156 3996 Macer

109 4025 240 4092 ἰωςὶκω
252 4025 337 4076 annuli
347 4025 402 4075 mei.
660 4025 754 4076 heroico
768 4025 880 4082 cumino,
889 4021 991 4074 Ovidiur
1006 4019 1075 4085 elego
1087 4019 1155 4070 flore·

147 4101 249 4150 1⁰.Noa
260 4100 359 4164 nima]
378 4101 403 4150 h.
413 4115 435 4150 a.
446 4098 611 4164 comnguini·
659 4098 709 4148 hat.

110 4181 162 4223 tate
172 4173 313 4244 propiunt.
341 4175 456 4224 Hennes.
695 4173 733 4222 19.
755 4168 962 4293 {maamad
988 4165 1053 4227 Quin
1072 4166 1157 4216 Macer

787 4261 801 4292 r
