<?xml version="1.0" encoding="UTF-8"?>
<!DOCTYPE html PUBLIC "-//W3C//DTD XHTML 1.0 Transitional//EN"
    "http://www.w3.org/TR/xhtml1/DTD/xhtml1-transitional.dtd">
<html xmlns="http://www.w3.org/1999/xhtml" xml:lang="en" lang="en">
 <head>
  <title>
</title>
<meta http-equiv="Content-Type" content="text/html;charset=utf-8" />
  <meta name='ocr-system' content='tesseract 3.04.00' />
  <meta name='ocr-capabilities' content='ocr_page ocr_carea ocr_par ocr_line ocrx_word'/>
</head>
<body>
  <div class='ocr_page' id='page_1' title='image "./povidiinasoniso09burmgoog_0027.png"; bbox 0 0 3064 5104; ppageno 0'>
   <div class='ocr_carea' id='block_1_1' title="bbox 476 253 1298 330">
    <p class='ocr_par' dir='ltr' id='par_1_1' title="bbox 476 253 1298 330">
     <span class='ocr_line' id='line_1_1' title="bbox 476 253 1298 330; baseline 0.005 -4"><span class='ocrx_word' id='word_1_1' title='bbox 476 257 627 326; x_wconf 78' lang='lat' dir='ltr'><strong>ARTIS</strong></span> <span class='ocrx_word' id='word_1_2' title='bbox 650 258 918 328; x_wconf 77' lang='lat' dir='ltr'><strong>AMATORIAE</strong></span> <span class='ocrx_word' id='word_1_3' title='bbox 941 259 1033 328; x_wconf 89' lang='lat' dir='ltr'><strong>LIB.</strong></span> <span class='ocrx_word' id='word_1_4' title='bbox 1060 253 1109 328; x_wconf 89' lang='lat'>11.</span> <span class='ocrx_word' id='word_1_5' title='bbox 1254 265 1298 330; x_wconf 78' lang='lat'>13</span> 
     </span>
    </p>
   </div>
   <div class='ocr_carea' id='block_1_2' title="bbox 225 427 1293 2942">
    <p class='ocr_par' dir='ltr' id='par_1_2' title="bbox 225 427 1293 2942">
     <span class='ocr_line' id='line_1_2' title="bbox 225 427 1293 534; baseline 0.009 -34"><span class='ocrx_word' id='word_1_6' title='bbox 225 427 310 504; x_wconf 87' lang='lat' dir='ltr'>Nec</span> <span class='ocrx_word' id='word_1_7' title='bbox 327 429 405 504; x_wconf 88' lang='lat' dir='ltr'>tibi</span> <span class='ocrx_word' id='word_1_8' title='bbox 423 442 547 530; x_wconf 82' lang='lat' dir='ltr'><strong>turpe</strong></span> <span class='ocrx_word' id='word_1_9' title='bbox 565 441 657 530; x_wconf 84' lang='lat' dir='ltr'>pute</span> <span class='ocrx_word' id='word_1_10' title='bbox 673 432 862 530; x_wconf 83' lang='lat' dir='ltr'>(quemvis</span> <span class='ocrx_word' id='word_1_11' title='bbox 881 433 950 506; x_wconf 91' lang='lat' dir='ltr'>tibi</span> <span class='ocrx_word' id='word_1_12' title='bbox 969 444 1091 533; x_wconf 84' lang='lat' dir='ltr'>turpe,</span> <span class='ocrx_word' id='word_1_13' title='bbox 1110 437 1293 534; x_wconf 81' lang='lat' dir='ltr'>placebit)</span> 
     </span>
     <span class='ocr_line' id='line_1_3' title="bbox 279 544 1292 644; baseline 0.009 -27"><span class='ocrx_word' id='word_1_14' title='bbox 279 544 463 642; x_wconf 72' lang='lat' dir='ltr'>lngenud</span> <span class='ocrx_word' id='word_1_15' title='bbox 484 546 686 644; x_wconf 85' lang='lat' dir='ltr'>speculum</span> <span class='ocrx_word' id='word_1_16' title='bbox 703 548 925 622; x_wconf 81' lang='lat' dir='ltr'>sustinuisse</span> <span class='ocrx_word' id='word_1_17' title='bbox 942 573 1067 624; x_wconf 81' lang='lat' dir='ltr'>manu.</span> <span class='ocrx_word' id='word_1_18' title='bbox 1219 557 1292 626; x_wconf 83' lang='lat'>216</span> 
     </span>
     <span class='ocr_line' id='line_1_4' title="bbox 239 659 1110 759; baseline 0.007 -27"><span class='ocrx_word' id='word_1_19' title='bbox 239 659 319 748; x_wconf 93' lang='lat' dir='ltr'>llle,</span> <span class='ocrx_word' id='word_1_20' title='bbox 336 661 515 758; x_wconf 83' lang='lat' dir='ltr'>fatigatae</span> <span class='ocrx_word' id='word_1_21' title='bbox 535 661 728 759; x_wconf 87' lang='lat' dir='ltr'>perdendo</span> <span class='ocrx_word' id='word_1_22' title='bbox 745 672 913 736; x_wconf 82' lang='lat' dir='ltr'>monstro</span> <span class='ocrx_word' id='word_1_23' title='bbox 929 687 1110 752; x_wconf 84' lang='lat' dir='ltr'>novercoe,</span> 
     </span>
     <span class='ocr_line' id='line_1_5' title="bbox 290 775 1145 876; baseline 0.008 -28"><span class='ocrx_word' id='word_1_24' title='bbox 290 775 365 860; x_wconf 83' lang='lat' dir='ltr'>Qui</span> <span class='ocrx_word' id='word_1_25' title='bbox 382 775 530 850; x_wconf 88' lang='lat' dir='ltr'>meruit</span> <span class='ocrx_word' id='word_1_26' title='bbox 543 775 694 861; x_wconf 86' lang='lat' dir='ltr'>coelum,</span> <span class='ocrx_word' id='word_1_27' title='bbox 712 777 815 873; x_wconf 91' lang='lat' dir='ltr'>quod</span> <span class='ocrx_word' id='word_1_28' title='bbox 833 777 934 874; x_wconf 91' lang='lat' dir='ltr'>prior</span> <span class='ocrx_word' id='word_1_29' title='bbox 951 778 1032 876; x_wconf 88' lang='lat' dir='ltr'>ipse</span> <span class='ocrx_word' id='word_1_30' title='bbox 1047 780 1145 866; x_wconf 88' lang='lat' dir='ltr'>tulit,</span> 
     </span>
     <span class='ocr_line' id='line_1_6' title="bbox 247 890 1096 992; baseline 0.007 -29"><span class='ocrx_word' id='word_1_31' title='bbox 247 890 345 966; x_wconf 85' lang='lat' dir='ltr'>loter</span> <span class='ocrx_word' id='word_1_32' title='bbox 362 890 544 992; x_wconf 84' lang='lat' dir='ltr'>liiniacns</span> <span class='ocrx_word' id='word_1_33' title='bbox 561 892 751 965; x_wconf 82' lang='lat' dir='ltr'>calathum</span> <span class='ocrx_word' id='word_1_34' title='bbox 768 893 934 968; x_wconf 86' lang='lat' dir='ltr'>tenuisse</span> <span class='ocrx_word' id='word_1_35' title='bbox 951 895 1096 991; x_wconf 82' lang='lat' dir='ltr'>puellas</span> 
     </span>
     <span class='ocr_line' id='line_1_7' title="bbox 295 1006 1293 1094; baseline 0.007 -14"><span class='ocrx_word' id='word_1_36' title='bbox 295 1006 485 1094; x_wconf 85' lang='lat' dir='ltr'>Creditur,</span> <span class='ocrx_word' id='word_1_37' title='bbox 507 1016 548 1080; x_wconf 88' lang='lat' dir='ltr'>et</span> <span class='ocrx_word' id='word_1_38' title='bbox 563 1006 669 1080; x_wconf 83' lang='lat' dir='ltr'>lanas</span> <span class='ocrx_word' id='word_1_39' title='bbox 685 1006 898 1082; x_wconf 82' lang='lat' dir='ltr'>excoluisse</span> <span class='ocrx_word' id='word_1_40' title='bbox 915 1007 1040 1082; x_wconf 89' lang='lat' dir='ltr'>rudes.</span> <span class='ocrx_word' id='word_1_41' title='bbox 1218 1019 1293 1088; x_wconf 82' lang='lat'>220</span> 
     </span>
     <span class='ocr_line' id='line_1_8' title="bbox 251 1121 1110 1222; baseline 0.005 -26"><span class='ocrx_word' id='word_1_42' title='bbox 251 1121 376 1196; x_wconf 85' lang='lat' dir='ltr'>Paruit</span> <span class='ocrx_word' id='word_1_43' title='bbox 392 1123 555 1222; x_wconf 90' lang='lat' dir='ltr'>imperio</span> <span class='ocrx_word' id='word_1_44' title='bbox 572 1121 732 1196; x_wconf 77' lang='lat' dir='ltr'>dominre</span> <span class='ocrx_word' id='word_1_45' title='bbox 750 1121 970 1221; x_wconf 84' lang='lat' dir='ltr'>Tirynthius</span> <span class='ocrx_word' id='word_1_46' title='bbox 987 1125 1110 1200; x_wconf 85' lang='lat' dir='ltr'>beros.</span> 
     </span>
     <span class='ocr_line' id='line_1_9' title="bbox 296 1236 1125 1336; baseline 0.005 -26"><span class='ocrx_word' id='word_1_47' title='bbox 296 1237 314 1310; x_wconf 96' lang='lat' dir='ltr'>l</span> <span class='ocrx_word' id='word_1_48' title='bbox 331 1263 455 1328; x_wconf 84' lang='lat' dir='ltr'>uunc;</span> <span class='ocrx_word' id='word_1_49' title='bbox 485 1250 527 1314; x_wconf 90' lang='lat' dir='ltr'>et</span> <span class='ocrx_word' id='word_1_50' title='bbox 544 1237 675 1312; x_wconf 83' lang='lat' dir='ltr'>dubita</span> <span class='ocrx_word' id='word_1_51' title='bbox 691 1236 799 1326; x_wconf 82' lang='lat' dir='ltr'>ferre,</span> <span class='ocrx_word' id='word_1_52' title='bbox 819 1239 922 1336; x_wconf 91' lang='lat' dir='ltr'>quod</span> <span class='ocrx_word' id='word_1_53' title='bbox 939 1238 1002 1312; x_wconf 92' lang='lat' dir='ltr'>ille</span> <span class='ocrx_word' id='word_1_54' title='bbox 1019 1239 1125 1314; x_wconf 91' lang='lat' dir='ltr'>tulit:</span> 
     </span>
     <span class='ocr_line' id='line_1_10' title="bbox 247 1352 1080 1450; baseline 0.004 -25"><span class='ocrx_word' id='word_1_55' title='bbox 247 1352 377 1430; x_wconf 84' lang='lat' dir='ltr'>Jussus</span> <span class='ocrx_word' id='word_1_56' title='bbox 396 1355 536 1433; x_wconf 78' lang='lat' dir='ltr'>adesse</span> <span class='ocrx_word' id='word_1_57' title='bbox 554 1353 645 1440; x_wconf 84' lang='lat' dir='ltr'>soro,</span> <span class='ocrx_word' id='word_1_58' title='bbox 659 1353 768 1450; x_wconf 77' lang='lat' dir='ltr'>jussb</span> <span class='ocrx_word' id='word_1_59' title='bbox 786 1352 968 1426; x_wconf 80' lang='lat' dir='ltr'>maturius</span> <span class='ocrx_word' id='word_1_60' title='bbox 986 1353 1080 1428; x_wconf 70' lang='lat' dir='ltr'>bord</span> 
     </span>
     <span class='ocr_line' id='line_1_11' title="bbox 297 1468 1116 1568; baseline 0.004 -26"><span class='ocrx_word' id='word_1_61' title='bbox 297 1469 370 1545; x_wconf 82' lang='lat' dir='ltr'>Fac</span> <span class='ocrx_word' id='word_1_62' title='bbox 388 1491 543 1568; x_wconf 89' lang='lat' dir='ltr'>semper</span> <span class='ocrx_word' id='word_1_63' title='bbox 559 1469 707 1558; x_wconf 82' lang='lat' dir='ltr'>venies3</span> <span class='ocrx_word' id='word_1_64' title='bbox 737 1492 807 1543; x_wconf 91' lang='lat' dir='ltr'>neo</span> <span class='ocrx_word' id='word_1_65' title='bbox 827 1468 899 1542; x_wconf 90' lang='lat' dir='ltr'>nisi</span> <span class='ocrx_word' id='word_1_66' title='bbox 917 1491 1023 1542; x_wconf 86' lang='lat' dir='ltr'>serus</span> <span class='ocrx_word' id='word_1_67' title='bbox 1041 1469 1116 1544; x_wconf 88' lang='lat' dir='ltr'>obi.</span> 
     </span>
     <span class='ocr_line' id='line_1_12' title="bbox 251 1583 1289 1682; baseline 0.006 -25"><span class='ocrx_word' id='word_1_68' title='bbox 251 1583 433 1660; x_wconf 85' lang='lat' dir='ltr'>Occurras</span> <span class='ocrx_word' id='word_1_69' title='bbox 452 1585 583 1682; x_wconf 88' lang='lat' dir='ltr'>aliquo</span> <span class='ocrx_word' id='word_1_70' title='bbox 599 1583 668 1659; x_wconf 92' lang='lat' dir='ltr'>tibi</span> <span class='ocrx_word' id='word_1_71' title='bbox 685 1583 845 1672; x_wconf 83' lang='lat' dir='ltr'>dixerit3</span> <span class='ocrx_word' id='word_1_72' title='bbox 875 1584 1002 1658; x_wconf 85' lang='lat' dir='ltr'>omnia</span> <span class='ocrx_word' id='word_1_73' title='bbox 1018 1583 1146 1674; x_wconf 64' lang='lat' dir='ltr'>niffen</span> <span class='ocrx_word' id='word_1_74' title='bbox 1216 1593 1289 1664; x_wconf 85' lang='lat'>225</span> 
     </span>
     <span class='ocr_line' id='line_1_13' title="bbox 296 1699 1157 1800; baseline 0.001 -25"><span class='ocrx_word' id='word_1_75' title='bbox 296 1701 436 1792; x_wconf 87' lang='lat' dir='ltr'>Curre;</span> <span class='ocrx_word' id='word_1_76' title='bbox 466 1725 540 1776; x_wconf 88' lang='lat' dir='ltr'>nec</span> <span class='ocrx_word' id='word_1_77' title='bbox 557 1702 749 1800; x_wconf 91' lang='lat' dir='ltr'>inceptum</span> <span class='ocrx_word' id='word_1_78' title='bbox 766 1699 878 1775; x_wconf 82' lang='lat' dir='ltr'>turbe</span> <span class='ocrx_word' id='word_1_79' title='bbox 894 1711 1058 1774; x_wconf 86' lang='lat' dir='ltr'>moretur</span> <span class='ocrx_word' id='word_1_80' title='bbox 1074 1702 1157 1776; x_wconf 88' lang='lat' dir='ltr'>iter.</span> 
     </span>
     <span class='ocr_line' id='line_1_14' title="bbox 248 1815 1263 1916; baseline 0.009 -28"><span class='ocrx_word' id='word_1_81' title='bbox 248 1815 367 1891; x_wconf 84' lang='lat' dir='ltr'>Nocte</span> <span class='ocrx_word' id='word_1_82' title='bbox 384 1818 543 1892; x_wconf 89' lang='lat' dir='ltr'>domum</span> <span class='ocrx_word' id='word_1_83' title='bbox 561 1827 735 1915; x_wconf 89' lang='lat' dir='ltr'>repetens</span> <span class='ocrx_word' id='word_1_84' title='bbox 752 1817 875 1914; x_wconf 92' lang='lat' dir='ltr'>epulis</span> <span class='ocrx_word' id='word_1_85' title='bbox 894 1815 1089 1916; x_wconf 84' lang='lat' dir='ltr'>perfuncto</span> <span class='ocrx_word' id='word_1_86' title='bbox 1106 1821 1263 1898; x_wconf 90' lang='lat' dir='ltr'>redibit:</span> 
     </span>
     <span class='ocr_line' id='line_1_15' title="bbox 289 1932 1177 2032; baseline 0.007 -28"><span class='ocrx_word' id='word_1_87' title='bbox 289 1932 396 2008; x_wconf 88' lang='lat' dir='ltr'>Tunc</span> <span class='ocrx_word' id='word_1_88' title='bbox 414 1957 572 2032; x_wconf 91' lang='lat' dir='ltr'>quoque</span> <span class='ocrx_word' id='word_1_89' title='bbox 589 1957 657 2031; x_wconf 90' lang='lat' dir='ltr'>pro</span> <span class='ocrx_word' id='word_1_90' title='bbox 674 1957 792 2021; x_wconf 87' lang='lat' dir='ltr'>servo,</span> <span class='ocrx_word' id='word_1_91' title='bbox 811 1934 843 2006; x_wconf 93' lang='lat' dir='ltr'>si</span> <span class='ocrx_word' id='word_1_92' title='bbox 861 1943 970 2008; x_wconf 84' lang='lat' dir='ltr'>vocnt</span> <span class='ocrx_word' id='word_1_93' title='bbox 986 1932 1062 2020; x_wconf 86' lang='lat' dir='ltr'>illa,</span> <span class='ocrx_word' id='word_1_94' title='bbox 1081 1935 1177 2010; x_wconf 90' lang='lat' dir='ltr'>veni.</span> 
     </span>
     <span class='ocr_line' id='line_1_16' title="bbox 248 2046 1234 2146; baseline 0.006 -26"><span class='ocrx_word' id='word_1_95' title='bbox 248 2046 347 2122; x_wconf 83' lang='lat' dir='ltr'>Rure</span> <span class='ocrx_word' id='word_1_96' title='bbox 364 2049 453 2136; x_wconf 86' lang='lat' dir='ltr'>eris,</span> <span class='ocrx_word' id='word_1_97' title='bbox 472 2061 514 2123; x_wconf 89' lang='lat' dir='ltr'>et</span> <span class='ocrx_word' id='word_1_98' title='bbox 529 2049 644 2136; x_wconf 87' lang='lat' dir='ltr'>dicet,</span> <span class='ocrx_word' id='word_1_99' title='bbox 660 2049 812 2136; x_wconf 83' lang='lat' dir='ltr'>Venias,</span> <span class='ocrx_word' id='word_1_100' title='bbox 831 2049 965 2146; x_wconf 91' lang='lat' dir='ltr'>(Amor</span> <span class='ocrx_word' id='word_1_101' title='bbox 981 2050 1062 2124; x_wconf 92' lang='lat' dir='ltr'>odit</span> <span class='ocrx_word' id='word_1_102' title='bbox 1078 2049 1234 2146; x_wconf 87' lang='lat' dir='ltr'>inertes)</span> 
     </span>
     <span class='ocr_line' id='line_1_17' title="bbox 296 2162 1288 2264; baseline 0.008 -29"><span class='ocrx_word' id='word_1_103' title='bbox 296 2162 336 2236; x_wconf 93' lang='lat' dir='ltr'>Si</span> <span class='ocrx_word' id='word_1_104' title='bbox 354 2173 438 2238; x_wconf 86' lang='lat' dir='ltr'>rota</span> <span class='ocrx_word' id='word_1_105' title='bbox 455 2162 630 2251; x_wconf 84' lang='lat' dir='ltr'>defuerit,</span> <span class='ocrx_word' id='word_1_106' title='bbox 650 2175 690 2238; x_wconf 91' lang='lat' dir='ltr'>tu</span> <span class='ocrx_word' id='word_1_107' title='bbox 707 2165 806 2264; x_wconf 90' lang='lat' dir='ltr'>pede</span> <span class='ocrx_word' id='word_1_108' title='bbox 823 2187 936 2264; x_wconf 85' lang='lat' dir='ltr'>carpe</span> <span class='ocrx_word' id='word_1_109' title='bbox 953 2165 1064 2238; x_wconf 83' lang='lat' dir='ltr'>viam</span> <span class='ocrx_word' id='word_1_110' title='bbox 1213 2174 1288 2243; x_wconf 84' lang='lat'>230</span> 
     </span>
     <span class='ocr_line' id='line_1_18' title="bbox 250 2275 1237 2378; baseline 0.01 -29"><span class='ocrx_word' id='word_1_111' title='bbox 250 2275 328 2351; x_wconf 90' lang='lat' dir='ltr'>Nec</span> <span class='ocrx_word' id='word_1_112' title='bbox 345 2302 459 2374; x_wconf 85' lang='lat' dir='ltr'>grave</span> <span class='ocrx_word' id='word_1_113' title='bbox 477 2289 518 2352; x_wconf 91' lang='lat' dir='ltr'>te</span> <span class='ocrx_word' id='word_1_114' title='bbox 537 2289 686 2378; x_wconf 90' lang='lat' dir='ltr'>tempus</span> <span class='ocrx_word' id='word_1_115' title='bbox 705 2280 883 2354; x_wconf 88' lang='lat' dir='ltr'>sitiensve</span> <span class='ocrx_word' id='word_1_116' title='bbox 903 2279 1087 2354; x_wconf 84' lang='lat' dir='ltr'>Canicula</span> <span class='ocrx_word' id='word_1_117' title='bbox 1102 2283 1237 2372; x_wconf 87' lang='lat' dir='ltr'>tardet,</span> 
     </span>
     <span class='ocr_line' id='line_1_19' title="bbox 294 2391 1101 2492; baseline 0.007 -28"><span class='ocrx_word' id='word_1_118' title='bbox 294 2391 329 2464; x_wconf 96' lang='lat' dir='ltr'>N</span> <span class='ocrx_word' id='word_1_119' title='bbox 332 2417 376 2467; x_wconf 86' lang='lat' dir='ltr'>ec</span> <span class='ocrx_word' id='word_1_120' title='bbox 393 2394 456 2468; x_wconf 85' lang='lat' dir='ltr'>via</span> <span class='ocrx_word' id='word_1_121' title='bbox 473 2416 543 2492; x_wconf 88' lang='lat' dir='ltr'>per</span> <span class='ocrx_word' id='word_1_122' title='bbox 554 2395 677 2490; x_wconf 82' lang='lat' dir='ltr'>jactes</span> <span class='ocrx_word' id='word_1_123' title='bbox 695 2395 858 2470; x_wconf 84' lang='lat' dir='ltr'>candida</span> <span class='ocrx_word' id='word_1_124' title='bbox 873 2393 973 2468; x_wconf 84' lang='lat' dir='ltr'>fecte</span> <span class='ocrx_word' id='word_1_125' title='bbox 986 2395 1101 2470; x_wconf 91' lang='lat' dir='ltr'>nives.</span> 
     </span>
     <span class='ocr_line' id='line_1_20' title="bbox 250 2503 1157 2608; baseline 0 -24"><span class='ocrx_word' id='word_1_126' title='bbox 250 2503 391 2584; x_wconf 86' lang='lat' dir='ltr'>Militiae</span> <span class='ocrx_word' id='word_1_127' title='bbox 410 2509 562 2608; x_wconf 87' lang='lat' dir='ltr'>species</span> <span class='ocrx_word' id='word_1_128' title='bbox 579 2532 682 2583; x_wconf 83' lang='lat' dir='ltr'>amor</span> <span class='ocrx_word' id='word_1_129' title='bbox 699 2521 779 2585; x_wconf 87' lang='lat' dir='ltr'>est:</span> <span class='ocrx_word' id='word_1_130' title='bbox 807 2509 991 2584; x_wconf 85' lang='lat' dir='ltr'>discedite</span> <span class='ocrx_word' id='word_1_131' title='bbox 1009 2533 1157 2606; x_wconf 85' lang='lat' dir='ltr'>segnes.</span> 
     </span>
     <span class='ocr_line' id='line_1_21' title="bbox 295 2621 1148 2720; baseline 0.001 -24"><span class='ocrx_word' id='word_1_132' title='bbox 295 2621 331 2696; x_wconf 93' lang='lat' dir='ltr'>N</span> <span class='ocrx_word' id='word_1_133' title='bbox 333 2647 382 2697; x_wconf 90' lang='lat' dir='ltr'>on</span> <span class='ocrx_word' id='word_1_134' title='bbox 400 2633 493 2698; x_wconf 89' lang='lat' dir='ltr'>sunt</span> <span class='ocrx_word' id='word_1_135' title='bbox 510 2623 591 2698; x_wconf 84' lang='lat' dir='ltr'>haec</span> <span class='ocrx_word' id='word_1_136' title='bbox 608 2623 748 2698; x_wconf 86' lang='lat' dir='ltr'>timidis</span> <span class='ocrx_word' id='word_1_137' title='bbox 767 2625 875 2720; x_wconf 86' lang='lat' dir='ltr'>signa</span> <span class='ocrx_word' id='word_1_138' title='bbox 891 2623 1033 2697; x_wconf 83' lang='lat' dir='ltr'>tuenda</span> <span class='ocrx_word' id='word_1_139' title='bbox 1048 2624 1148 2698; x_wconf 88' lang='lat' dir='ltr'>viris.</span> 
     </span>
     <span class='ocr_line' id='line_1_22' title="bbox 250 2736 1287 2837; baseline 0.008 -27"><span class='ocrx_word' id='word_1_140' title='bbox 250 2736 345 2826; x_wconf 87' lang='lat' dir='ltr'>Nox,</span> <span class='ocrx_word' id='word_1_141' title='bbox 361 2749 400 2814; x_wconf 88' lang='lat' dir='ltr'>et</span> <span class='ocrx_word' id='word_1_142' title='bbox 413 2740 552 2826; x_wconf 89' lang='lat' dir='ltr'>biems,</span> <span class='ocrx_word' id='word_1_143' title='bbox 566 2740 762 2837; x_wconf 78' lang='lat' dir='ltr'>longaeque</span> <span class='ocrx_word' id='word_1_144' title='bbox 776 2739 859 2824; x_wconf 88' lang='lat' dir='ltr'>viae,</span> <span class='ocrx_word' id='word_1_145' title='bbox 872 2737 1036 2835; x_wconf 83' lang='lat' dir='ltr'>saevique</span> <span class='ocrx_word' id='word_1_146' title='bbox 1049 2738 1196 2816; x_wconf 90' lang='lat' dir='ltr'>dolores</span> <span class='ocrx_word' id='word_1_147' title='bbox 1214 2747 1287 2818; x_wconf 84' lang='lat'>235</span> 
     </span>
     <span class='ocr_line' id='line_1_23' title="bbox 294 2851 1161 2942; baseline 0.006 -16"><span class='ocrx_word' id='word_1_148' title='bbox 294 2851 477 2928; x_wconf 86' lang='lat' dir='ltr'>Mollibus</span> <span class='ocrx_word' id='word_1_149' title='bbox 496 2853 555 2927; x_wconf 92' lang='lat' dir='ltr'>his</span> <span class='ocrx_word' id='word_1_150' title='bbox 572 2853 716 2942; x_wconf 78' lang='lat' dir='ltr'>cestris,</span> <span class='ocrx_word' id='word_1_151' title='bbox 736 2864 777 2928; x_wconf 92' lang='lat' dir='ltr'>et</span> <span class='ocrx_word' id='word_1_152' title='bbox 791 2853 896 2928; x_wconf 84' lang='lat' dir='ltr'>labor</span> <span class='ocrx_word' id='word_1_153' title='bbox 913 2854 1034 2928; x_wconf 91' lang='lat' dir='ltr'>omnis</span> <span class='ocrx_word' id='word_1_154' title='bbox 1052 2854 1161 2930; x_wconf 89' lang='lat' dir='ltr'>inest.</span> 
     </span>
    </p>
   </div>
   <div class='ocr_carea' id='block_1_3' title="bbox 247 2967 1286 3413">
    <p class='ocr_par' dir='ltr' id='par_1_3' title="bbox 249 2967 1135 3184">
     <span class='ocr_line' id='line_1_24' title="bbox 249 2967 1135 3067; baseline 0.005 -27"><span class='ocrx_word' id='word_1_155' title='bbox 249 2967 353 3067; x_wconf 82' lang='lat' dir='ltr'>Saepe</span> <span class='ocrx_word' id='word_1_156' title='bbox 370 2969 474 3045; x_wconf 85' lang='lat' dir='ltr'>seres</span> <span class='ocrx_word' id='word_1_157' title='bbox 492 2968 650 3043; x_wconf 89' lang='lat' dir='ltr'>imbrem</span> <span class='ocrx_word' id='word_1_158' title='bbox 667 2967 811 3043; x_wconf 86' lang='lat' dir='ltr'>coelesti</span> <span class='ocrx_word' id='word_1_159' title='bbox 828 2968 929 3042; x_wconf 89' lang='lat' dir='ltr'>nube</span> <span class='ocrx_word' id='word_1_160' title='bbox 948 2970 1111 3044; x_wconf 87' lang='lat' dir='ltr'>solutum</span> <span class='ocrx_word' id='word_1_161' title='bbox 1125 2999 1135 3060; x_wconf 93' lang='lat'>;</span> 
     </span>
     <span class='ocr_line' id='line_1_25' title="bbox 294 3083 1086 3184; baseline 0.005 -28"><span class='ocrx_word' id='word_1_162' title='bbox 294 3083 484 3182; x_wconf 84' lang='lat' dir='ltr'>Frigidus,</span> <span class='ocrx_word' id='word_1_163' title='bbox 504 3094 544 3158; x_wconf 90' lang='lat' dir='ltr'>et</span> <span class='ocrx_word' id='word_1_164' title='bbox 559 3086 660 3160; x_wconf 69' lang='lat' dir='ltr'>nude</span> <span class='ocrx_word' id='word_1_165' title='bbox 680 3108 782 3184; x_wconf 85' lang='lat' dir='ltr'>saepe</span> <span class='ocrx_word' id='word_1_166' title='bbox 794 3085 941 3182; x_wconf 82' lang='lat' dir='ltr'>jacebis</span> <span class='ocrx_word' id='word_1_167' title='bbox 959 3086 1086 3160; x_wconf 92' lang='lat' dir='ltr'>humo.</span> 
     </span>
    </p>

    <p class='ocr_par' dir='ltr' id='par_1_4' title="bbox 247 3195 1286 3413">
     <span class='ocr_line' id='line_1_26' title="bbox 247 3195 1117 3299; baseline 0.008 -29"><span class='ocrx_word' id='word_1_168' title='bbox 247 3195 430 3298; x_wconf 84' lang='lat' dir='ltr'>Cynthius</span> <span class='ocrx_word' id='word_1_169' title='bbox 451 3197 606 3274; x_wconf 87' lang='lat' dir='ltr'>Admeti</span> <span class='ocrx_word' id='word_1_170' title='bbox 623 3223 757 3274; x_wconf 84' lang='lat' dir='ltr'>vaccas</span> <span class='ocrx_word' id='word_1_171' title='bbox 773 3200 923 3299; x_wconf 84' lang='lat' dir='ltr'>pavisse</span> <span class='ocrx_word' id='word_1_172' title='bbox 940 3199 1117 3277; x_wconf 85' lang='lat' dir='ltr'>Pheraeas</span> 
     </span>
     <span class='ocr_line' id='line_1_27' title="bbox 291 3313 1286 3413; baseline 0.008 -26"><span class='ocrx_word' id='word_1_173' title='bbox 291 3313 438 3403; x_wconf 89' lang='lat' dir='ltr'>Fertur,</span> <span class='ocrx_word' id='word_1_174' title='bbox 461 3315 556 3388; x_wconf 90' lang='lat' dir='ltr'>etin</span> <span class='ocrx_word' id='word_1_175' title='bbox 572 3315 687 3413; x_wconf 75' lang='lat' dir='ltr'>parvd</span> <span class='ocrx_word' id='word_1_176' title='bbox 704 3313 897 3390; x_wconf 88' lang='lat' dir='ltr'>delituisse</span> <span class='ocrx_word' id='word_1_177' title='bbox 915 3317 1018 3390; x_wconf 72' lang='lat' dir='ltr'>caso.</span> <span class='ocrx_word' id='word_1_178' title='bbox 1211 3327 1286 3396; x_wconf 87' lang='grc'>240</span> 
     </span>
    </p>
   </div>
   <div class='ocr_carea' id='block_1_4' title="bbox 229 3527 1288 3966">
    <p class='ocr_par' dir='ltr' id='par_1_5' title="bbox 229 3527 1288 3966">
     <span class='ocr_line' id='line_1_28' title="bbox 267 3527 1288 3600; baseline 0.006 -22"><span class='ocrx_word' id='word_1_179' title='bbox 267 3530 323 3579; x_wconf 75' lang='lat'><strong>⁴22⁸.</strong></span> <span class='ocrx_word' id='word_1_180' title='bbox 342 3529 390 3579; x_wconf 85' lang='lat' dir='ltr'>Pro</span> <span class='ocrx_word' id='word_1_181' title='bbox 400 3527 494 3591; x_wconf 66' lang='lat' dir='ltr'>arno]</span> <span class='ocrx_word' id='word_1_182' title='bbox 513 3528 639 3588; x_wconf 83' lang='lat' dir='ltr'>Nimirum,</span> <span class='ocrx_word' id='word_1_183' title='bbox 649 3531 691 3596; x_wconf 84' lang='lat' dir='ltr'>qni</span> <span class='ocrx_word' id='word_1_184' title='bbox 705 3532 741 3580; x_wconf 81' lang='lat' dir='ltr'>ls-</span> <span class='ocrx_word' id='word_1_185' title='bbox 790 3538 938 3597; x_wconf 55' lang='lat' dir='ltr'>womaro</span> <span class='ocrx_word' id='word_1_186' title='bbox 947 3530 997 3594; x_wconf 76' lang='lat' dir='ltr'>ogit</span> <span class='ocrx_word' id='word_1_187' title='bbox 1007 3528 1114 3596; x_wconf 75' lang='lat' dir='ltr'>intelligo</span> <span class='ocrx_word' id='word_1_188' title='bbox 1129 3547 1185 3596; x_wconf 73' lang='lat' dir='ltr'>ergo</span> <span class='ocrx_word' id='word_1_189' title='bbox 1195 3539 1288 3600; x_wconf 80' lang='lat' dir='ltr'>tempus</span> 
     </span>
     <span class='ocr_line' id='line_1_29' title="bbox 237 3602 1286 3672; baseline 0.004 -20"><span class='ocrx_word' id='word_1_190' title='bbox 237 3617 286 3652; x_wconf 78' lang='lat' dir='ltr'>cem</span> <span class='ocrx_word' id='word_1_191' title='bbox 296 3604 427 3660; x_wconf 52' lang='lat' dir='ltr'>medusae</span> <span class='ocrx_word' id='word_1_192' title='bbox 439 3616 514 3666; x_wconf 80' lang='lat' dir='ltr'>qoem</span> <span class='ocrx_word' id='word_1_193' title='bbox 523 3606 681 3653; x_wconf 74' lang='lat' dir='ltr'>odmrritorom</span> <span class='ocrx_word' id='word_1_194' title='bbox 688 3604 739 3654; x_wconf 84' lang='lat' dir='ltr'>‹lir-</span> <span class='ocrx_word' id='word_1_195' title='bbox 791 3619 821 3654; x_wconf 84' lang='lat' dir='ltr'>ex</span> <span class='ocrx_word' id='word_1_196' title='bbox 830 3611 912 3654; x_wconf 66' lang='lat' dir='ltr'>muts</span> <span class='ocrx_word' id='word_1_197' title='bbox 919 3602 945 3652; x_wconf 88' lang='lat' dir='ltr'>in</span> <span class='ocrx_word' id='word_1_198' title='bbox 952 3611 1092 3653; x_wconf 72' lang='lat' dir='ltr'>autumnum</span> <span class='ocrx_word' id='word_1_199' title='bbox 1100 3619 1213 3672; x_wconf 69' lang='lat' dir='ltr'>preceps,</span> <span class='ocrx_word' id='word_1_200' title='bbox 1222 3607 1286 3672; x_wconf 90' lang='lat' dir='ltr'>qood</span> 
     </span>
     <span class='ocr_line' id='line_1_30' title="bbox 235 3675 1285 3742; baseline 0.003 -15"><span class='ocrx_word' id='word_1_201' title='bbox 235 3677 279 3727; x_wconf 70' lang='lat' dir='ltr'>lue</span> <span class='ocrx_word' id='word_1_202' title='bbox 298 3687 393 3729; x_wconf 76' lang='lat' dir='ltr'>veteres</span> <span class='ocrx_word' id='word_1_203' title='bbox 418 3676 496 3724; x_wconf 80' lang='lat' dir='ltr'>docet</span> <span class='ocrx_word' id='word_1_204' title='bbox 514 3676 622 3742; x_wconf 71' lang='lat' dir='ltr'>Donatus</span> <span class='ocrx_word' id='word_1_205' title='bbox 636 3677 667 3726; x_wconf 76' lang='lat' dir='ltr'>sd</span> <span class='ocrx_word' id='word_1_206' title='bbox 686 3679 741 3729; x_wconf 76' lang='lat' dir='ltr'>Tor.</span> <span class='ocrx_word' id='word_1_207' title='bbox 791 3675 869 3726; x_wconf 75' lang='lat' dir='ltr'>venus</span> <span class='ocrx_word' id='word_1_208' title='bbox 884 3685 908 3727; x_wconf 84' lang='lat' dir='ltr'>st</span> <span class='ocrx_word' id='word_1_209' title='bbox 922 3675 1009 3742; x_wconf 80' lang='lat' dir='ltr'>pluviis</span> <span class='ocrx_word' id='word_1_210' title='bbox 1023 3677 1140 3735; x_wconf 81' lang='lat' dir='ltr'>crebrum,</span> <span class='ocrx_word' id='word_1_211' title='bbox 1153 3686 1179 3728; x_wconf 80' lang='lat' dir='ltr'>et</span> <span class='ocrx_word' id='word_1_212' title='bbox 1193 3682 1285 3732; x_wconf 82' lang='lat' dir='ltr'>morbo-</span> 
     </span>
     <span class='ocr_line' id='line_1_31' title="bbox 233 3748 1112 3819; baseline -0.003 -17"><span class='ocrx_word' id='word_1_213' title='bbox 233 3749 638 3819; x_wconf 70' lang='lat' dir='ltr'>Mdpn.·si.vmsoismnen</span> <span class='ocrx_word' id='word_1_214' title='bbox 651 3750 742 3802; x_wconf 75' lang='lat' dir='ltr'>notovit</span> <span class='ocrx_word' id='word_1_215' title='bbox 790 3748 991 3800; x_wconf 77' lang='lat' dir='ltr'>rumlsnrndum.</span> <span class='ocrx_word' id='word_1_216' title='bbox 1023 3750 1112 3800; x_wconf 76' lang='lat' dir='ltr'>Boou.</span> 
     </span>
     <span class='ocr_line' id='line_1_32' title="bbox 232 3821 1287 3892; baseline 0.007 -21"><span class='ocrx_word' id='word_1_217' title='bbox 232 3824 458 3892; x_wconf 70' lang='lat' dir='ltr'>Domproprium</span> <span class='ocrx_word' id='word_1_218' title='bbox 474 3837 526 3872; x_wconf 79' lang='lat' dir='ltr'>croc</span> <span class='ocrx_word' id='word_1_219' title='bbox 542 3823 741 3891; x_wconf 75' lang='lat' dir='ltr'>verbum,ntEp.</span> <span class='ocrx_word' id='word_1_220' title='bbox 822 3823 882 3872; x_wconf 76' lang='lat'>23³.</span> <span class='ocrx_word' id='word_1_221' title='bbox 908 3821 1002 3876; x_wconf 74' lang='lat' dir='ltr'>Mililt&#39;ae</span> <span class='ocrx_word' id='word_1_222' title='bbox 1024 3823 1126 3888; x_wconf 58' lang='lat' dir='ltr'>upum]</span> <span class='ocrx_word' id='word_1_223' title='bbox 1152 3823 1216 3876; x_wconf 81' lang='lat' dir='ltr'>Vide</span> <span class='ocrx_word' id='word_1_224' title='bbox 1238 3828 1287 3878; x_wconf 79' lang='lat' dir='ltr'>ele·</span> 
     </span>
     <span class='ocr_line' id='line_1_33' title="bbox 229 3894 1287 3966; baseline 0.002 -19"><span class='ocrx_word' id='word_1_225' title='bbox 229 3915 269 3950; x_wconf 70' lang='grc' dir='ltr'>η.</span> <span class='ocrx_word' id='word_1_226' title='bbox 290 3898 396 3966; x_wconf 72' lang='lat' dir='ltr'>Ignarus</span> <span class='ocrx_word' id='word_1_227' title='bbox 417 3897 544 3957; x_wconf 67' lang='lat' dir='ltr'>conjura,</span> <span class='ocrx_word' id='word_1_228' title='bbox 562 3913 625 3946; x_wconf 82' lang='lat' dir='ltr'>oneo.</span> <span class='ocrx_word' id='word_1_229' title='bbox 640 3897 690 3947; x_wconf 85' lang='lat' dir='ltr'>vid.</span> <span class='ocrx_word' id='word_1_230' title='bbox 709 3897 741 3962; x_wconf 65' lang='lat' dir='ltr'>sd</span> <span class='ocrx_word' id='word_1_231' title='bbox 790 3894 855 3962; x_wconf 53' lang='lat' dir='ltr'>mum</span> <span class='ocrx_word' id='word_1_232' title='bbox 871 3895 913 3944; x_wconf 89' lang='lat' dir='ltr'>lib.</span> <span class='ocrx_word' id='word_1_233' title='bbox 930 3894 947 3946; x_wconf 87' lang='lat' dir='ltr'>i.</span> <span class='ocrx_word' id='word_1_234' title='bbox 965 3894 999 3945; x_wconf 78' lang='lat' dir='ltr'>ix.</span> <span class='ocrx_word' id='word_1_235' title='bbox 1017 3897 1101 3948; x_wconf 80' lang='lat' dir='ltr'>Amor.</span> <span class='ocrx_word' id='word_1_236' title='bbox 1120 3913 1175 3964; x_wconf 74' lang='lat' dir='ltr'>que</span> <span class='ocrx_word' id='word_1_237' title='bbox 1195 3900 1287 3966; x_wconf 81' lang='lat' dir='ltr'>incipit,</span> 
     </span>
    </p>
   </div>
   <div class='ocr_carea' id='block_1_5' title="bbox 0 0 1536 5104">
    <p class='ocr_par' dir='ltr' id='par_1_6' title="bbox 0 0 1536 5104">
     <span class='ocr_line' id='line_1_34' title="bbox 0 0 1536 5104; baseline 0 22"><span class='ocrx_word' id='word_1_238' title='bbox 0 0 1536 5104; x_wconf 95' lang='lat' dir='ltr'> </span> 
     </span>
    </p>
   </div>
  </div>
 </body>
</html>
