2982 5118
247 421 319 486 EX
344 415 503 485 ΡΟΝΤΟ
529 417 619 484 LIB.
643 417 707 482 IV.
730 415 878 484 EPIST.
901 419 971 484 IX.
1065 424 1131 488 505

88 595 284 694 Missaque
304 595 354 668 Di
372 593 510 670 saciant
528 597 699 667 auroram
716 604 890 668 occurrat
906 594 955 668 ad
974 591 1086 684 illam,

134 711 203 784 Bis
222 734 337 784 senos
355 709 476 784 fasces
495 733 580 807 quae
598 708 668 782 tibi
686 709 808 808 prima
825 711 942 785 dabit.

89 827 150 914 Ut,
169 827 352 925 quoniam
367 828 447 901 sine
466 851 526 900 me
543 837 676 923 tanges
696 825 886 924 Capitolia
902 830 1046 916 consul,
1108 835 1130 903 5

134 941 184 1016 Et
202 934 293 1017 fiam
311 944 429 1016 turbae
447 965 534 1042 pars
553 966 623 1038 ego
641 940 746 1015 nulla
762 951 852 1028 tuae,

88 1057 130 1130 ln
146 1057 294 1132 domini
314 1059 448 1133 subeat
466 1069 605 1157 panea,
626 1069 665 1132 et
682 1066 837 1156 praestet
853 1059 964 1132 amici

134 1176 313 1248 Officium
328 1176 436 1272 jusso
454 1174 561 1248 litera
578 1185 706 1247 nostra
722 1173 795 1247 die.

87 1289 211 1386 Atque
229 1316 303 1388 ego
322 1289 354 1364 si
372 1289 457 1364 fatis
476 1290 625 1386 genitus
640 1289 857 1362 melioribus
875 1313 1010 1378 essem,

133 1406 183 1480 Et
201 1431 290 1482 mea
307 1406 453 1480 sincero
471 1415 638 1480 curreret
655 1430 728 1480 axe
746 1416 839 1491 rota,
1087 1413 1132 1482 10
1158 1461 1162 1472 .

87 1521 168 1606 Quo
186 1546 290 1596 nune
310 1533 438 1596 nostra
455 1546 587 1596 manus
602 1545 670 1620 per
684 1522 865 1620 scriptum
878 1520 1055 1618 fungitur,
1072 1547 1130 1597 es-

131 1637 283 1734 Lingua
301 1638 486 1712 salutandi
506 1660 660 1710 munere
676 1635 805 1710 funeta
820 1637 885 1710 tui.
1055 1639 1131 1734 [set

85 1753 343 1850 Gratatusque
360 1754 489 1828 darem
507 1777 594 1827 oum
612 1753 784 1827 dulcibus
803 1753 934 1826 oscula
950 1754 1097 1828 verbis:

131 1868 167 1942 N
170 1893 215 1943 ec
235 1869 362 1942 minus
381 1869 443 1942 ille
461 1893 580 1954 meus
600 1893 715 1967 quam
732 1879 833 1956 tuus,
853 1880 956 1942 esset
971 1869 1102 1944 honor.

85 1983 163 2070 Illa,
184 1984 381 2071 confiteor,
402 1985 455 2058 sic
475 2009 597 2060 essem
616 1984 700 2060 luce
719 1986 917 2084 superbus,
1086 1991 1130 2060 15

133 2099 189 2173 Ut
206 2112 365 2200 caperet
381 2099 500 2175 fastus
517 2103 580 2175 vix
598 2103 732 2176 domus
750 2103 827 2176 ulla
844 2126 963 2176 meos.

86 2214 264 2314 Dumque
284 2215 382 2290 latus
401 2218 521 2290 saneti
539 2217 657 2314 cingit
675 2217 744 2292 tibi
763 2219 875 2291 turba
892 2228 1057 2305 senatus,

131 2331 314 2406 Consulis
333 2341 420 2406 ante
439 2331 556 2431 pedes
574 2333 628 2406 ire
645 2333 790 2407 viderer
807 2356 939 2430 eques.

86 2444 133 2519 Et
145 2471 367 2546 quanquam
383 2473 561 2546 cuperem
576 2473 726 2548 semper
740 2448 807 2521 tibi
823 2448 1017 2546 proximus
1033 2475 1130 2538 esse,

134 2563 355 2637 Gauderem
374 2565 479 2638 lateri
498 2590 573 2638 non
591 2566 769 2639 habuisse
787 2567 924 2651 locum.
1082 2573 1132 2642 20

86 2677 165 2752 Nee
183 2679 381 2776 querulus,
402 2681 512 2755 turba
529 2681 701 2778 quamvis
719 2681 890 2767 eliderer,
910 2705 1056 2757 essem:
1115 2751 1120 2758 .

133 2794 213 2868 Sed
230 2793 330 2868 forat
347 2819 369 2868 a
386 2797 525 2895 populo
543 2808 624 2902 tum
642 2797 732 2870 mihi
751 2797 861 2871 dulce
878 2798 1012 2896 premi.

114 3006 139 3053 fl.
167 3005 247 3054 luero.
273 3003 452 3069 Interpretarar,
479 3006 584 3056 delinito.
635 3007 691 3056 anui
718 3008 795 3056 forsan
823 3022 897 3071 usqua
919 3005 1017 3064 exitum,
1037 3007 1132 3058 nussam

84 3080 134 3137 Quo
149 3088 258 3144 tempore
274 3079 401 3128 Graecinus
419 3081 502 3130 consul
520 3081 584 3130 lutu-
635 3080 715 3130 luisse.
748 3080 816 3130 Idam
828 3080 934 3129 Messon.
944 3096 974 3128 ex
986 3079 1063 3130 Dione
1074 3082 1133 3131 lviii.

82 3163 188 3210 raserat,
199 3160 269 3218 patet
280 3167 310 3200 ex
322 3168 344 3200 v.
355 3153 461 3202 57-60.
489 3153 584 3218 Signifi·
634 3171 659 3220 p.
680 3155 737 3204 6³³.
758 3159 846 3210 monet,
868 3152 989 3202 Tiberium
1016 3154 1132 3219 quosdam

82 3225 584 3292 carpocra,Graecinumcomulatumiune·
635 3229 702 3278 Coss.
722 3227 753 3276 ad
773 3226 874 3291 longius.
896 3225 953 3275 ulios
980 3227 1011 3275 ad
1038 3228 1133 3278 brevius

83 3309 158 3349 turum
183 3301 216 3350 ad
245 3300 317 3349 linem
342 3317 419 3366 usque
447 3303 586 3353 Decembris
634 3301 745 3368 temporis
767 3300 871 3366 spatium
887 3298 1039 3364 designasse:
1063 3299 1132 3350 item-

83 3374 160 3432 fuisse,
180 3388 286 3440 moxque
304 3375 407 3433 fratrem,
427 3377 585 3442 Pomponium
635 3391 681 3441 qua
706 3373 831 3423 nonnullos
857 3373 930 3423 etiam
957 3373 1036 3430 citius,
1060 3390 1133 3440 quam

83 3447 206 3504 Flaccum,
220 3448 259 3512 (v.
269 3447 310 3496 69.
322 3447 375 3508 7⁵.)
386 3449 427 3513 qui
439 3449 519 3515 paullo
529 3461 585 3501 anta
634 3447 803 3506 constituisset,
824 3447 876 3496 loeo
894 3446 1009 3507 moriem
1027 3448 1088 3506 aliis,
1106 3457 1133 3500 ut

82 3520 123 3570 hoe
134 3531 233 3588 tempus
244 3521 330 3586 Mysia
345 3524 470 3588 Pontoque
486 3527 584 3590 praefec·
635 3523 725 3572 diutius
742 3523 768 3571 in
781 3521 923 3587 magistratu
938 3531 1026 3580 essent,
1037 3537 1134 3574 conces·

82 3603 117 3644 lus
136 3597 193 3654 fuit,
213 3596 285 3644 titulo
304 3595 401 3660 proinde
420 3598 504 3663 Legati
526 3601 584 3650 Pro·
635 3597 703 3646 sisse.
730 3598 843 3646 Harum.

81 3671 195 3734 prataria,
206 3685 281 3735 quum
292 3671 396 3719 nondum
403 3672 492 3721 Consul
502 3673 586 3723 fuisset
669 3675 707 3722 15.
726 3673 773 3721 Illa
792 3671 863 3735 lawa]
887 3671 934 3720 lllo
951 3671 991 3722 die
1010 3670 1132 3720 Kalanda-

82 3745 115 3807 (v.
126 3742 263 3806 57-80.),
271 3743 389 3793 Kalendis
394 3747 410 3795 J
412 3761 493 3794 anuar.
502 3747 523 3794 ei
531 3763 585 3796 suc·
635 3761 687 3794 rum
698 3746 713 3794 J
716 3744 817 3794 aunarii.

81 3833 211 3868 cessurum.
219 3816 281 3868 Vid.
291 3818 397 3868 Masron.
415 3819 496 3868 Ovidii
507 3820 580 3870 vitam
665 3819 704 3867 17.
719 3818 820 3881 Sancti]
838 3817 878 3866 Sic
890 3819 973 3868 Horat.
982 3817 1029 3867 Od.
1039 3817 1071 3866 iv.
1084 3831 1132 3867 var.

81 3893 109 3941 ad
118 3894 151 3941 A.
163 3895 196 3943 U.
208 3893 239 3943 C.
251 3909 350 3941 accmx.
366 3894 407 3959 qui
418 3893 522 3944 illustrat
538 3912 581 3946 no·
631 3895 655 3941 4.
666 3904 761 3955 parram
770 3901 873 3942 sanctum
884 3894 1004 3942 concilium
1015 3891 1083 3940 dixit.

80 3975 151 4016 utram
172 3965 311 4032 epistolam,
330 3974 355 4015 et
378 3966 449 4016 docet
477 3967 581 4026 uberius,
667 3969 705 4018 la.
718 3967 812 4031 Equam]
826 3963 1132 4030 Egoaxequastriordine.

81 4049 183 4090 nostram
196 4038 323 4105 epistolam
341 4039 385 4088 hoc
402 4055 464 4090 anno
482 4057 582 4090 ncoarx.
634 4043 695 4091 Anu
711 4045 777 4105 pedes
796 4041 893 4089 consilis
920 4041 962 4088 ire.
994 4038 1131 4088 Praecedera

81 4123 104 4162 et
130 4113 232 4179 quidem
263 4113 344 4178 paullo
376 4123 431 4164 ante
457 4115 582 4166 Kalendas
632 4125 656 4166 to
678 4116 798 4166 consulem
818 4113 842 4161 in
861 4128 890 4161 ea
907 4128 995 4178 pompa
1011 4112 1041 4161 de
1058 4127 1131 4163 more.

82 4187 168 4246 Maias,
188 4185 302 4238 Gracina
319 4187 371 4252 jam
394 4188 486 4238 romuli
504 4188 583 4256 desig·
633 4190 746 4239 Solebam
756 4188 818 4238 enim
829 4185 922 4250 equites
939 4185 1080 4252 precedere,
1093 4203 1130 4237 sa-

82 4268 144 4318 nato,
156 4269 183 4310 et
197 4275 254 4309 mox
267 4259 435 4324 Magistratum
452 4260 539 4310 initum
551 4263 582 4313 ad
634 4273 703 4313 natus
717 4279 770 4312 vero
780 4260 900 4324 subsequi.
