3020 5106
367 361 433 434 Μ
660 366 700 434 Ρ.
723 364 886 433 ovlnss
909 363 1123 434 NASONIS

368 540 437 616 Sin
454 541 590 628 minus,
609 551 650 614 et
665 539 826 638 flagrent
841 540 929 614 odio
945 551 1013 614 tun
1028 553 1185 640 pectora
1201 553 1337 630 nostro,

418 641 563 732 lnduet'
573 655 705 732 infelix
722 681 828 731 arma
843 669 977 734 concta
992 659 1113 733 dolor.

368 772 450 846 Sim
466 772 556 848 licet
571 783 794 862 extremum,
813 775 914 849 sicut
930 799 1027 862 sum,
1046 775 1186 850 missus
1203 776 1241 850 in
1258 777 1395 860 orbem,

417 887 454 962 N
457 899 560 964 ostra
576 912 665 964 suas
681 889 780 964 istuc
798 889 965 988 porriget
980 892 1037 966 ira
1053 915 1200 966 manus.
1366 897 1408 965 10

368 1002 518 1093 Omnia,
538 1005 570 1080 si
584 1005 722 1092 nescis,
742 1006 872 1082 Coesar
889 1007 980 1082 mihi
993 1009 1080 1106 jure
1096 1009 1263 1106 reliquit,

417 1120 469 1195 Et
485 1123 565 1196 solu
580 1133 640 1198 est
656 1123 779 1222 putria
794 1109 906 1222 poena
923 1147 1051 1198 carere
1068 1135 1175 1198 mes:

367 1235 419 1311 Et
436 1239 608 1336 patriam,
627 1239 739 1313 modo
757 1239 807 1312 sit
825 1263 971 1339 sospes,
991 1263 1187 1338 speremus
1205 1240 1354 1315 abillo:

418 1353 529 1454 Saepe
547 1353 570 1428 J
573 1355 652 1429 ovis
669 1355 744 1429 telo
761 1378 925 1452 quercus
944 1356 1080 1430 adusta
1095 1355 1203 1430 viret.

369 1469 556 1568 Denique,
575 1469 752 1545 vindictae
769 1471 801 1544 si
820 1471 870 1546 sit
887 1471 977 1546 mihi
996 1473 1099 1546 nulla
1113 1471 1287 1559 facultas
1366 1475 1408 1544 15

417 1586 589 1662 Pierides
606 1587 703 1661 vires
721 1597 761 1660 et
778 1609 847 1660 suu
862 1587 940 1662 tela
955 1585 1112 1661 dabunt.

368 1701 423 1777 Ut
440 1703 631 1802 Scythicis
649 1702 817 1802 habitem
836 1704 947 1800 longe
965 1703 1163 1777 submotus
1182 1702 1221 1776 in
1239 1702 1326 1788 oris,

418 1819 606 1915 Siccaque
623 1817 701 1892 sint
717 1818 838 1892 oculis
856 1817 1029 1916 proxima
1045 1818 1154 1914 signa
1170 1818 1288 1907 mcis;

367 1933 508 2008 Nostra
524 1956 593 2031 per
609 1932 812 2010 immensos
830 1933 939 2010 ibunt
956 1933 1145 2032 preconia
1161 1945 1309 2032 gentes,

416 2049 606 2147 Quodque
623 2073 771 2147 querar,
791 2059 934 2137 notum,
953 2074 1031 2148 qua
1044 2061 1152 2150 patet
1166 2051 1284 2138 orbis,
1303 2050 1393 2126 erit:

366 2165 444 2238 Ibit
461 2166 507 2239 ad
523 2188 713 2253 occasum,
732 2166 920 2265 quidquid
935 2167 1118 2256 dicemus,
1137 2170 1187 2242 ab
1204 2181 1311 2256 ortu;
1364 2171 1407 2240 21
1491 2157 1492 2208 t

417 2279 542 2354 Testis
555 2292 595 2356 et
613 2281 809 2381 Hesperios
826 2285 929 2358 vocis
947 2283 1051 2360 Eous
1069 2285 1152 2360 erit.

365 2395 485 2472 Trans
504 2422 575 2494 ego
592 2397 778 2486 tellurem,
797 2411 900 2474 unns
918 2401 1014 2476 latos
1032 2403 1164 2477 audiar
1182 2401 1327 2488 undus3

415 2513 467 2589 Et
483 2515 645 2612 gemitus
661 2540 735 2590 vox
753 2527 812 2590 est
828 2516 1108 2614 magnatorum
1124 2517 1210 2592 mei.

366 2631 402 2704 N
405 2655 450 2706 ec
467 2642 533 2706 tua
549 2642 587 2706 te
606 2643 753 2706 sontem
769 2633 1031 2707 tantummodo
1045 2633 1180 2708 'secula
1195 2630 1338 2705 norint:
1365 2635 1412 2703 25

416 2747 617 2847 Perpetuae
636 2747 778 2822 crimen
796 2748 1028 2848 posteritatis
1046 2748 1133 2823 eris.
1492 2749 1493 2756 ’

400 3041 437 3088 il.
451 3040 533 3088 Omnia
533 3043 594 3102 jura
603 3039 779 3104 mittatque]
794 3037 865 3096 Quod
914 3039 1141 3090 meiscslebrubitur
1155 3046 1290 3106 portatum
1304 3047 1416 3090 terrarum

362 3113 402 3179 jus
413 3124 450 3162 est
460 3113 507 3164 civi
520 3113 545 3162 in
559 3113 704 3162 maledicum
713 3125 738 3163 et
747 3114 865 3162 obtrectu·
913 3115 1002 3163 orbem.
1034 3117 1116 3164 Pour.

364 3195 447 3244 torem.
464 3187 508 3236 hoc
528 3187 587 3236 mihi
604 3188 685 3238 Cesar
703 3205 749 3238 non
766 3187 864 3236 ademit.
944 3190 986 3238 22.
1006 3188 1068 3238 Vocis
1078 3188 1211 3254 rim]
1232 3187 1355 3238 Carminis
1370 3189 1413 3238 la·

364 3263 442 3328 lnjus
450 3263 740 3327 peramicosvocuturum
758 3260 864 3311 subindi·
912 3261 965 3312 tini.
988 3263 1059 3314 Μιι.
1093 3263 1333 3326 Tertiraetanr-iae.
1366 3263 1414 3312 Hs·

364 3345 412 3386 cut.
446 3337 525 3385 Posr.
912 3335 1106 3402 uperinmvocom
1119 3337 1415 3400 intelligemnhnmm

400 3410 437 3457 16.
449 3408 612 3472 Bistonio]
632 3407 719 3458 Malim
727 3409 864 3467 insonteis,
914 3409 1070 3468 tuntumssd
1092 3425 1146 3460 enm
1166 3427 1220 3475 qun
1242 3409 1268 3460 in
1291 3411 1416 3477 Hesperia,

365 3481 409 3534 boc
421 3482 679 3548 estinurmapoetica.
713 3483 804 3534 Herse.
915 3483 959 3533 hoc
970 3493 1015 3542 est,
1026 3483 1149 3536 occidente
1159 3483 1252 3534 edetur.
1281 3487 1318 3535 Ut
1326 3484 1357 3534 sit
1368 3485 1416 3534 dic·

400 3557 438 3606 lu.
460 3555 569 3620 Siccaque
596 3559 643 3604 sint
667 3557 738 3604 oeulis
762 3560 864 3620 proximo
913 3568 980 3609 tum:
998 3559 1050 3625 ejus
1067 3558 1142 3614 vocis,
1160 3557 1210 3607 rive
1228 3557 1346 3622 querele,
1363 3573 1415 3623 qna

364 3630 453 3696 signo]
482 3631 528 3678 Per
550 3629 619 3696 signu
639 3628 752 3696 intelligit
778 3632 864 3682 Ursam
913 3633 939 3682 in
956 3632 1080 3683 occidente
1095 3631 1187 3688 edetur,
1199 3631 1267 3680 testis
1282 3631 1330 3680 erit
1346 3633 1417 3686 Εοσσ,

364 3706 476 3770 majorem
488 3713 513 3754 et
524 3703 646 3763 minorem,
664 3705 864 3772 quibusSeptem·
914 3707 964 3758 rive
975 3708 996 3758 is
1006 3706 1048 3772 qui
1058 3707 1082 3755 in
1094 3706 1183 3756 oriente
1195 3705 1263 3772 degit
1270 3723 1278 3768 5
1295 3714 1324 3755 ut
1333 3705 1415 3758 sictr-

364 3779 590 3846 uiouemdesignut.
617 3779 770 3830 Siccanutem
781 3779 863 3846 adpel-
914 3782 1003 3842 τίθεσις
1013 3782 1065 3848 ejus
1075 3779 1139 3845 quod
1150 3779 1273 3846 precedit.

363 3856 452 3912 lentur,
464 3855 520 3920 quin
531 3869 653 3919 nunquam
663 3853 783 3904 occidunt.
871 3911 876 3918 ἱ
946 3859 987 3908 26.
1022 3857 1140 3918 Perpetua
1166 3855 1253 3902 σσίσισιι
1277 3857 1418 3918 noemmin

399 3932 436 3980 19.
454 3929 594 3994 Precatio]
614 3929 638 4001 ¹¹?
650 3929 667 3978 1.
677 3929 863 3996 vituperationes
913 3932 979 3995 eric]
1000 3931 1049 3982 Καὶ
1060 3931 1112 3988 τοῖς
1122 3927 1274 3993 ἐσσομένοισι
1285 3927 1417 3978 πυθέσθαι·

362 4005 442 4060 cltru.
474 4006 588 4056 Hirrus
914 4005 1010 4055 Homer.
1020 4003 1084 4069 quod
1094 4010 1120 4053 ot
1129 4001 1154 4052 in
1164 4000 1419 4054 numerianum

396 4081 436 4129 21.
454 4079 499 4130 ltu
519 4083 544 4130 in
562 4079 685 4144 occurram]
705 4079 830 4144 Quidquid
848 4094 863 4128 u
913 4089 1006 4146 purtem
1016 4075 1142 4144 accipitur.

363 4171 402 4206 mc
412 4157 443 4206 de
455 4166 478 4207 te
489 4156 584 4214 dicitur,
595 4155 619 4204 id
634 4171 689 4204 cum
706 4154 758 4203 eliis
769 4154 863 4220 seriptis
