3030 5108
441 381 666 451 REMEDIA
687 383 886 454 AMORIS.
1123 389 1190 457 1⁰9

63 614 68 622 .
129 547 270 628 Hortor
287 566 344 644 et,
365 567 409 630 ut
427 556 568 656 pariter
584 557 693 634 binas
710 559 882 636 habeatis
900 561 1055 640 emicas.

181 669 331 745 Fortior
349 684 423 761 est,
440 675 567 774 plures
584 677 617 748 si
634 676 721 774 quis
739 675 878 754 hebere
893 687 1033 776 potest.

130 784 245 862 Secta
258 789 445 888 bipartito
459 816 547 866 cum
564 817 672 868 mens
689 793 866 867 discurrit
881 803 1066 894 utroque:

177 902 348 982 Alterius
365 907 464 983 vires
483 908 672 984 subtrahit
688 910 784 984 alter
801 933 917 984 emor.

129 1019 298 1126 Grandia
316 1047 388 1121 per
405 1024 543 1099 multos
561 1035 764 1100 tenuantur
780 1025 936 1102 flumine
954 1025 1064 1117 rivos,
1108 1034 1185 1106 445

180 1129 382 1238 cessaque
398 1141 558 1216 seducto
576 1139 706 1238 stipite
723 1140 877 1216 flamme
893 1144 1005 1241 perit.

129 1251 166 1325 N
168 1277 215 1327 on
233 1256 328 1330 satis
345 1281 424 1330 una
440 1266 546 1331 tenet
562 1268 709 1332 ceratas
729 1259 894 1332 anchora
912 1281 1079 1360 puppes:

179 1369 215 1444 N
217 1394 266 1444 on
285 1373 380 1450 satis
399 1384 458 1448 est
471 1373 626 1472 liquidis
643 1374 778 1449 unicus
795 1377 931 1450 hernus
949 1376 1072 1475 aquis.

129 1483 201 1570 Qui
219 1488 293 1562 sibi
307 1491 391 1587 jam
409 1489 556 1590 pridem
573 1490 709 1564 solatia
726 1490 816 1566 bina
835 1491 998 1591 paravit3
1059 1501 1076 1518 “

174 1601 431 1705 iampridem
449 1608 597 1680 summi
615 1608 734 1682 victor
751 1607 789 1682 in
807 1632 894 1684 arce
912 1607 994 1683 suit.
1104 1612 1182 1684 450

125 1720 177 1794 At
193 1723 275 1810 tibi,
295 1723 366 1822 qui
383 1723 546 1798 dominae
564 1723 679 1798 fueris
697 1725 795 1800 male
813 1725 981 1799 creditus
1000 1725 1077 1812 uni,

174 1837 286 1915 Nunc
305 1841 449 1916 saltem
466 1863 585 1914 novus
603 1849 663 1914 est
680 1839 926 1918 inveniendus
945 1863 1061 1920 amor.

127 1955 335 2057 Pasiphaiis
355 1955 487 2033 Minos
503 1957 542 2032 in
560 1957 740 2034 Procride
759 1960 926 2058 prodidit
939 1960 1069 2058 ignes:

174 2073 304 2154 Cessit
322 2075 374 2150 ab
393 2073 500 2148 ldaet
514 2075 677 2171 conjuge
695 2075 795 2151 victe
813 2076 927 2175 prior.

124 2186 371 2289 Amphilochi
385 2189 501 2264 irater
514 2214 563 2264 ne
575 2188 749 2286 Phegida
762 2215 913 2292 semper
925 2205 1083 2283 amaret,
1102 2198 1180 2270 455

174 2306 371 2384 callirhoe
383 2305 476 2382 feeit
492 2315 601 2408 parte
619 2319 773 2410 recepta
790 2311 875 2386 tori.

156 2525 210 2574 ⁴46.
227 2525 342 2590 Sectaque
354 2526 466 2574 subducte
479 2525 629 2590 stipiteflem-
680 2526 742 2578 Ideo
754 2528 828 2579 dicte.
844 2527 887 2578 ted
897 2528 986 2578 rectius
999 2527 1137 2578 Perrheeiur
1149 2527 1181 2576 ed

123 2601 244 2664 aperit]
261 2600 304 2650 Ita
314 2599 397 2650 Jureti
406 2599 490 2649 codex.
500 2599 563 2666 qnod
575 2599 629 2649 lerri
679 2601 808 2651 Claudiani
823 2603 841 2653 i.
858 2602 889 2652 de
906 2603 981 2669 Rupt.
996 2603 1103 2668 Proeerp.
1119 2618 1182 2652 rere.

124 2691 168 2725 non
179 2685 332 2742 poteremur
343 2689 400 2723 mox
411 2674 565 2740 precesserit.
582 2674 628 2724 Po·
681 2677 736 2726 199.
748 2676 778 2726 de
793 2675 922 2742 cleopatrt
938 2675 1012 2742 cepit,
1023 2691 1095 2740 quam
1110 2674 1181 2724 duxit

122 2751 204 2808 omni,
214 2752 334 2814 laeiaqoe.
346 2747 448 2816 Regius,
456 2749 573 2814 licioque,
581 2750 628 2808 vel,
678 2748 1180 2815 priusPhineus,sedehrepudietildeem,

124 2826 239 2892 Campa.
256 2826 325 2892 quod
332 2831 480 2891 postremum
492 2824 628 2891 amplector.
679 2823 785 2874 Derdeni
802 2823 907 2888 Scythice
926 2822 988 2888 regit
1003 2821 1085 2880 filiam,
1101 2821 1180 2872 duxit.

121 2900 198 2960 Silius,
207 2901 252 2951 lib.
262 2918 288 2949 v.
299 2900 362 2950 571.
677 2897 981 2963 IdnemhencSchyticem
989 2897 1180 2948 Pelliccmvocet

248 2974 557 3038 stipuldorepituhctincni
675 2972 818 3024 Scholiasta
838 2972 957 3040 Apollonii
975 2972 1006 3022 ad
1024 2972 1068 3023 lib.
1082 2973 1179 3022 iiam.

152 3047 216 3116 Ignis
226 3053 300 3106 iners,
312 3063 443 3110 meamque
451 3048 520 3096 dehet
530 3050 579 3096 rim
588 3051 626 3096 ro·
677 3051 733 3098 140.
739 3067 768 3098 ex
776 3049 825 3115 qul
830 3049 941 3114 Thynum
950 3057 975 3098 et
982 3049 1178 3113 Meryandynum

212 3123 406 3189 horestmmcm,
535 3121 626 3172 Herus.
675 3126 779 3192 succepit
792 3125 906 3174 Phineus.
943 3125 1032 3174 Burri.

150 3199 207 3248 ⁴5³.
230 3197 262 3247 ln
281 3199 404 3263 Prognide
418 3199 519 3258 perdidit
536 3197 623 3261 ignee]
708 3201 764 3251 455.
782 3201 925 3263 Amphilochi
933 3199 1026 3266 frater,
1040 3199 1099 3264 δια]
1118 3198 1178 3250 Alc-

119 3272 253 3322 Nednhite
264 3271 327 3337 quin
345 3269 455 3319 Procride
472 3270 504 3320 eit
521 3271 625 3320 scriben-
675 3289 791 3326 meconem
805 3275 909 3340 proiecto
925 3271 1046 3338 intelligit,
1057 3275 1107 3339 qui,
1122 3289 1178 3324 cum

119 3345 183 3396 dum.
226 3347 301 3395 Hanc
328 3343 394 3392 enim
421 3344 511 3392 emerit
536 3345 626 3394 Minoe.
676 3348 755 3398 occisi
766 3347 1014 3412 metreArgoiugiem
1024 3347 1177 3414 Psophidem

118 3421 201 3472 Obiter
216 3437 269 3470 rem
290 3426 397 3484 ungunt
416 3417 534 3468 Antonius
555 3419 626 3469 Libe·
676 3431 734 3472 tunc
751 3422 866 3487 Phegiem
881 3437 896 3469 e
910 3421 1006 3486 Phegeo
1022 3422 1120 3480 dcem,
1135 3437 1177 3472 ve

117 3495 171 3547 rrlie
186 3497 233 3547 cub
250 3495 327 3545 finem
343 3493 579 3559 Metamorpuoecon
590 3494 625 3543 Δ·
647 3486 651 3498 '
676 3494 943 3562 nucetulphcsibeam
951 3496 1121 3560 Phegeifiliem
1131 3512 1178 3546 ux-

116 3571 252 3636 pollodorur
270 3570 297 3618 in
312 3565 473 3624 Bibliothect,
485 3577 511 3616 et
528 3568 626 3620 Tretzee
674 3588 738 3621 orem
750 3571 832 3621 duxit:
850 3569 888 3620 cui
899 3570 960 3622 inter
971 3579 1083 3621 tetemet
1093 3570 1177 3622 mauis

118 3645 379 3696 ebitudinem.
406 3641 477 3692 Certe
487 3643 625 3693 Procridem
674 3646 839 3696 moniledonc
855 3645 931 3694 dedit.
949 3655 1104 3709 portentum
1119 3646 1176 3697 hinc

118 3720 147 3770 ad
156 3721 267 3772 Minoem
279 3719 373 3784 rugiae
389 3717 415 3766 iu
432 3717 527 3768 Cretam
544 3720 625 3785 plures
674 3720 755 3776 etiem.
764 3719 852 3786 quippe
865 3717 905 3770 ubi
919 3717 955 3766 illi
966 3717 991 3764 in
1001 3717 1176 3784 ffiesnugetce·

116 3804 239 3854 tentantur,
253 3811 364 3860 eumque
381 3810 411 3844 ex
424 3793 503 3843 ulcere
515 3793 624 3844 laboren-
673 3803 710 3843 ret
720 3793 798 3861 potiut
809 3810 882 3860 quarn
896 3793 1041 3842 minueretur
1051 3794 1121 3852 furor,
1132 3811 1175 3844 eu-

116 3877 162 3920 tem
182 3887 293 3928 messe,
311 3884 375 3936 quos
391 3867 453 3918 inter
469 3867 581 3934 Hyginus
599 3867 624 3919 in
674 3869 782 3935 supinet,
796 3869 905 3919 consulto
922 3866 1042 3931 Delphico
1060 3868 1175 3928 Oraculo,

115 3945 209 4009 poitico
224 3941 407 3999 Aemonomico,
420 3950 444 3991 et
461 3941 623 4008 Pataephatus.
672 3943 697 3993 in
712 3959 765 3994 enm
781 3941 901 4008 regionem
910 3939 984 3996 venit,
995 3940 1043 4005 qul
1054 3941 1177 3993 Achelous

113 4017 129 4067 i.
145 4021 203 4085 περὶ
219 4020 321 4086 polide,
337 4024 425 4082 preter
442 4023 550 4064 euctoree
568 4024 624 4067 ente
673 4019 771 4068 inurere
783 4015 905 4082 irrumpit:
923 4014 962 4062 hic
973 4023 998 4062 et
1008 4013 1175 4074 comeditille‚

112 4091 230 4144 ludria.
265 4093 364 4141 Heme.
490 4093 493 4098 '
672 4101 698 4142 et
711 4091 860 4142 cellit-rhodo
871 4085 972 4136 Acheloi
987 4086 1061 4135 liliem
1076 4103 1174 4140 uxorem

144 4169 202 4218 45⁴.
227 4168 266 4216 At
286 4163 376 4227 Med]
397 4160 494 4210 Plotidt
510 4161 624 4228 intelligit
673 4163 765 4222 hebuit,
773 4180 804 4215 er
815 4163 864 4227 qul
875 4159 1046 4226 Amphoterum
1062 4167 1087 4208 et
1096 4159 1174 4210 Acm-

114 4241 217 4302 Meua,
228 4257 288 4309 qun
303 4235 623 4294 cntemis‚rh1drmonte
673 4237 828 4289 nenemtilioe
837 4231 929 4300 genuit.
955 4231 1176 4284 cumveromulie.
