2974 5100
271 399 507 466 TRISTIUM
529 401 620 466 ΗΒ.
643 401 684 466 V.
709 400 846 468 ELEG.
868 403 937 470 xl.
1059 405 1125 472 837

78 576 108 648 O
127 575 267 650 durum
283 573 480 661 Lachesin,
495 598 581 672 quae
599 588 676 650 tum
694 599 805 672 grave
825 577 931 652 sirius
949 578 1102 652 habenti

125 690 211 765 Fila
227 691 337 766 dedit
353 693 439 765 vitae
458 716 531 764 non
550 693 718 768 breviora
735 696 849 768 meae!
1075 701 1123 770 46

77 805 188 890 Quod
207 807 341 906 pntriae
354 807 473 894 vultu,
489 817 690 905 vestroque
706 833 891 896 caremus,
911 810 1043 900 amici3

127 922 320 1020 Quodque
338 923 399 997 hic
417 924 456 997 in
472 923 662 1024 Scythicis
680 925 817 998 finibus
835 949 919 1000 esse
937 950 1094 1025 queror;

78 1039 253 1137 Utraque
271 1061 383 1137 poene
400 1039 544 1135 gravis:
565 1039 684 1114 merui
702 1052 827 1115 tamen
846 1041 939 1118 urbe
957 1065 1107 1130 cerere3

127 1153 215 1228 Non
234 1155 355 1228 merui
373 1155 439 1228 tali
457 1155 614 1230 forsitan
630 1179 715 1230 esse
732 1157 827 1230 loco.
1075 1163 1124 1234 50

78 1269 177 1354 Quid
203 1271 356 1367 loquor,
375 1270 424 1344 ah
446 1270 624 1346 demens!
649 1272 770 1369 ipsam
793 1295 947 1370 quoque
967 1275 1123 1372 perdere

125 1384 293 1460 Caesaris
310 1385 452 1460 offenso
469 1385 622 1461 numine
635 1387 772 1484 dignus
789 1409 902 1461 erum.
990 1388 1122 1484 [vitam

423 1799 666 1875 ELEGIA
705 1802 777 1877 XI.

81 2002 199 2088 Quon
215 2015 256 2078 te
275 2001 405 2076 nescio
423 2001 508 2099 quis
525 2024 594 2100 per
606 2003 732 2099 jurgia
749 2003 887 2078 dixerit
905 2029 989 2079 esse

128 2119 284 2194 Exsulis
303 2142 472 2204 uxorem,
491 2117 599 2192 litera
616 2129 752 2216 questa
768 2131 835 2194 tua
852 2133 922 2196 est.

82 2237 241 2324 indolui,
262 2260 338 2308 non
356 2245 433 2309 tam
450 2259 535 2309 mea
552 2237 656 2333 quod
674 2235 823 2310 fortuna
837 2237 934 2311 male
953 2239 1070 2326 audit,

128 2350 202 2436 Qui
216 2354 299 2450 jam
318 2351 495 2425 consuevi
514 2351 658 2424 fortiter
671 2376 757 2426 esse
775 2351 908 2440 miser;

83 2467 202 2551 Quam
215 2467 320 2564 quia,
336 2467 396 2541 cui
415 2467 567 2542 minime
580 2469 727 2557 vellem,
743 2469 813 2542 sirn
827 2493 942 2542 causa
957 2469 1121 2567 pudoris,

128 2581 261 2681 Teque
279 2607 363 2657 rear
379 2583 514 2658 nostris
533 2587 728 2660 erubuisse
745 2585 867 2659 malis.
1100 2589 1122 2658 6

83 2697 221 2785 Perfer,
241 2709 281 2774 et
298 2699 462 2774 obdura:
491 2700 608 2773 multo
626 2701 793 2796 graviora
810 2700 943 2785 tulisti,

129 2813 257 2899 Quum
275 2839 337 2890 mc
356 2815 543 2912 subripuit
560 2815 739 2913 principis
758 2815 813 2888 ira
830 2815 911 2889 tibi.

86 2929 237 3004 Fallitur
252 2932 325 3005 iste
343 2942 482 3018 tamen,
502 2955 578 3030 quo
591 2933 722 3030 judice
739 2932 911 3006 nominor
929 2933 1060 3006 exsul:

129 3047 283 3123 Mollior
300 3057 360 3122 est
377 3049 527 3146 culpam
545 3073 657 3148 poene
674 3061 805 3124 secuta
822 3073 955 3141 meam.
1077 3053 1122 3120 10

86 3161 252 3239 Maxima
263 3189 377 3263 poena
387 3165 477 3238 mihi
492 3177 563 3252 est,
572 3167 696 3265 ipsum
707 3163 927 3252 offendisse3
947 3163 1125 3262 priusque

128 3279 309 3354 Venisset
325 3280 476 3354 mallem
495 3280 634 3355 funeris
652 3281 743 3354 hora
759 3279 863 3354 milri.

112 3513 148 3561 45.
159 3513 235 3564 Gravi
252 3515 317 3562 seru
330 3513 444 3578 tumre]
462 3514 486 3563 h.
497 3531 519 3564 e.
536 3515 578 3580 qui
662 3515 702 3563 50.
719 3512 848 3576 Furem]
871 3511 911 3562 Ne
931 3511 1039 3561 absolute
1058 3509 1128 3560 edlir·

87 3586 225 3637 uninfslici
232 3585 456 3636 siderenstuuurn.
467 3589 580 3638 lirum.
629 3587 717 3636 mendo
728 3588 848 3638 caerem
865 3585 979 3643 offendet,
995 3595 1020 3634 et
1034 3584 1128 3651 injusti·

114 3659 328 3711 seminium
338 3659 578 3729 dhdchoneeserpn-
629 3661 669 3710 tin
679 3667 800 3726 coarguat.
823 3661 903 3710 Porr.

88 3729 139 3780 riun
158 3731 277 3784 imnersso
292 3741 377 3800 potnt3
394 3733 439 3784 lroe
457 3735 520 3784 enim
537 3736 579 3786 de·

87 3802 136 3864 leto,
151 3806 210 3857 nihil
225 3816 298 3864 esset,
314 3807 379 3873 quod
393 3807 491 3858 referres
507 3808 578 3868 illud,
664 3810 685 3856 l.
704 3807 785 3858 Nescio
802 3805 871 3871 quie]
893 3805 933 3855 Sic
952 3820 994 3870 per
1009 3812 1128 3867 contemp-

88 3889 176 3944 ulnprc
186 3899 262 3945 prena,
276 3897 331 3946 que
350 3879 497 3947 respuisse
516 3883 580 3948 quod
630 3888 680 3929 tnnr
693 3880 836 3945 quandoque
851 3879 917 3944 loqui
933 3876 1044 3933 solemur,
1055 3889 1128 3939 quum

88 3965 161 4003 cureat
179 3955 270 4012 amicis,
289 3963 313 4004 et
334 3954 398 4020 qnod
416 3970 464 4004 non
484 3956 581 4006 meliore
630 3953 754 4019 indignum
773 3967 844 4018 quem
860 3952 1004 4000 estimemus
1022 3947 1127 3996 nomina-

89 4025 293 4079 loeosxuuvivat.
317 4029 432 4078 Hrnnss.
631 4043 692 4078 rnus.

116 4103 155 4150 49.
169 4104 270 4168 Utroque
285 4120 353 4165 prem
369 4103 468 4168 groco]
492 4104 524 4152 Et
540 4119 582 4154 ce·
667 4104 703 4152 ll.
722 4101 821 4166 iprum]
847 4100 890 4148 Me
907 4095 1031 4146 offendisse
1048 4092 1128 4140 esn-

89 4189 132 4223 rere
147 4176 236 4227 scilicet
253 4176 385 4227 amicomnr
403 4177 582 4234 consuetudine.
632 4193 689 4225 rem.

90 4256 111 4294 et
119 4248 143 4296 in
151 4250 250 4315 Scythis
261 4250 351 4300 virere.

118 4322 188 4372 VOL
206 4325 240 4374 11.
730 4322 746 4368 z
