2972 5110
371 377 438 444 m
667 376 707 442 Ρ.
730 376 892 444 ovlon
915 378 1126 446 NASONIS

372 549 546 650 Purpura
561 574 662 649 saepe
680 561 765 626 tuos
783 551 929 649 fulgens
947 555 1122 652 protexit
1138 555 1319 644 amictus3

422 666 501 741 Sed
516 692 591 742 non
610 666 821 744 Sarmatica
834 667 991 766 tingitur
1006 669 1071 744 illa
1086 695 1211 745 manu.

370 783 521 859 Vellera
535 785 631 860 dura
646 783 771 859 ferunt
787 785 966 884 pecudes,
986 796 1025 861 et
1042 788 1210 862 Palladis
1226 790 1283 863 uti

419 899 514 977 Arte
530 901 738 978 Tomitanae
756 927 832 976 non
848 903 1014 980 didicere
1031 929 1161 980 nurus.
1362 911 1401 979 10

371 1016 529 1092 Femina
544 1042 613 1118 pro
630 1018 718 1094 lana
734 1020 908 1096 Cerealia
922 1045 1078 1097 munera
1094 1021 1243 1118 frangit,

421 1132 704 1234 Subpositoque
720 1160 871 1234 gravem
889 1136 1028 1212 vertice
1045 1147 1171 1235 portat
1187 1160 1338 1235 aquam.

370 1249 458 1324 Non
475 1251 536 1326 hic
553 1253 763 1352 pampineis
781 1253 954 1328 amicitur
969 1253 1107 1327 vitibus
1121 1253 1267 1326 ulmum

420 1365 456 1438 N
460 1368 537 1442 ulla
552 1379 729 1466 premunt
745 1391 869 1442 ramos
886 1369 1052 1468 pondere
1069 1392 1182 1468 poma
1198 1392 1282 1443 suo.

369 1484 509 1560 Tristia
524 1483 710 1560 deformes
727 1484 877 1583 pariunt
893 1484 1082 1558 absinthia
1098 1483 1235 1584 campi,
1362 1487 1400 1556 15

417 1601 610 1698 Terraque
627 1601 677 1676 de
693 1599 817 1674 fructu
835 1625 949 1698 quam
967 1602 1019 1675 sit
1035 1625 1163 1677 amara
1178 1601 1306 1676 docet.

369 1718 435 1794 Nil
451 1716 565 1814 igitur
581 1727 663 1790 tota
680 1715 793 1790 Ponti
810 1715 963 1812 regione
979 1717 1132 1806 sinistri,

417 1832 529 1918 Quod
547 1856 632 1906 meo
647 1833 829 1908 sedulitas
846 1835 994 1908 mittere
1013 1845 1155 1934 posset,
1173 1845 1269 1909 erat.

368 1940 512 2026 Clausa
526 1961 653 2026 tamen
670 1949 756 2024 misi
775 1951 959 2050 Scythica
974 1952 1044 2026 tibi
1061 1952 1139 2026 tela
1155 1951 1350 2051 pharetra:

417 2065 551 2155 Hoste,
568 2090 715 2167 precor,
733 2067 826 2143 fiant
842 2068 908 2144 illa
923 2079 1080 2143 cruenta
1096 2079 1174 2142 tuo.
1359 2070 1402 2138 20

367 2182 449 2258 Hos
459 2183 666 2258 habethaec
676 2185 854 2275 calamos,
866 2185 935 2262 hos
945 2186 1027 2261 haec
1036 2184 1152 2258 habel
1163 2207 1230 2257 ora
1244 2182 1400 2257 libellos:

417 2299 512 2376 Haec
529 2299 630 2398 viget
646 2300 685 2374 in
701 2302 852 2391 noscis,
870 2301 1052 2391 Maxime,
1073 2299 1187 2374 Musa
1202 2299 1311 2373 locis.

367 2416 461 2501 Quae
480 2439 698 2514 quanquam
720 2417 868 2492 misisse
890 2418 1021 2517 pudet,
1040 2417 1132 2515 quia
1149 2439 1266 2515 parva
1282 2414 1402 2488 viden·

417 2531 475 2606 Tu
493 2543 620 2607 tamen
637 2533 731 2619 hmo,
742 2557 884 2630 quaeso,
895 2533 1051 2608 consule
1064 2531 1182 2606 missa
1192 2532 1297 2606 boni.
1323 2533 1403 2627 [tun

366 2747 439 2798 mittit
456 2748 509 2798 loca
525 2747 569 2798 illa
585 2747 654 2798 ατη-ἰ.
686 2748 763 2807 Quasi
783 2747 863 2798 dicat:
947 2751 988 2800 16.
1005 2747 1079 2798 Ludit
1099 2755 1170 2814 posu
1185 2762 1251 2795 mora
1266 2763 1312 2795 sno
1327 2745 1348 2793 in
1361 2759 1406 2794 arn-

365 2823 423 2872 Siin
432 2822 477 2873 luc
488 2822 583 2888 reglum
593 2837 640 2871 non
651 2831 748 2888 possunt
757 2821 865 2871 homines
912 2823 987 2888 bigne
997 2823 1061 2872 vocis
1075 2839 1154 2871 num
1164 2821 1345 2886 significamus.
1355 2834 1402 2884 pro·

365 2911 448 2962 agrum
462 2895 702 2946 mlmobhomilem
712 2895 864 2952 timoram.el
913 2898 965 2964 pria
979 2905 1005 2946 el
1021 2897 1136 2946 munau
1150 2911 1193 2961 pro
1210 2892 1367 2950 modinum
1382 2898 1405 2938 el

364 2969 517 3028 incursiones,
525 2971 600 3020 mullo
611 2971 689 3020 minuc
701 2986 753 3020 eam
765 2972 795 3020 ob
806 2987 863 3021 ceu-
913 2973 1021 3021 molesta.
1054 2971 1123 3020 Mun
1143 2969 1169 3018 h.
1187 2986 1210 3018 e.
1227 2978 1292 3018 utu
1312 2967 1403 3034 Scydr-

365 3043 680 3110 nmponsunluralodere.
912 3061 972 3094 rum.
1005 3045 1118 3094 Henna.

398 3120 423 3168 ll.
439 3119 567 3168 Snmlicn
583 3117 675 3182 mu]
693 3117 733 3167 Sic
748 3117 810 3166 bene
826 3134 862 3168 re·
947 3120 986 3168 17.
1003 3121 1074 3168 Ponti
1084 3119 1198 3183 sinim]
1216 3117 1325 3167 Pontica
1338 3115 1404 3180 regio

365 3193 460 3259 scripsit
484 3193 566 3242 Burm.
587 3209 658 3258 quem
677 3191 741 3250 vide,
758 3207 772 3241 e
791 3191 863 3242 codd.
912 3193 1073 3255 nisinlelicis5
1089 3193 1120 3242 nd
1135 3193 1221 3242 lavam
1237 3192 1327 3242 Euxini
1341 3189 1405 3239 maris

363 3268 504 3317 Francolael
513 3265 605 3316 duobus
614 3265 675 3316 aliis.
684 3267 709 3316 h.
720 3275 862 3316 annuunt
911 3267 973 3318 sito.

364 3339 467 3390 artifices
476 3341 502 3388 in
514 3339 640 3398 Sarmatia,
650 3341 692 3406 qui
703 3341 810 3406 tinguere
821 3355 862 3389 nn-
943 3344 984 3391 20.
1001 3342 1072 3391 Ficus
1088 3340 1207 3404 mala-l
1231 3340 1322 3389 cruore
1334 3335 1404 3386 hostili
1474 3389 1475 3394 ,

364 3413 411 3462 rint
421 3430 557 3480 purpuram.
582 3415 756 3464 dissuentem
769 3413 862 3480 deope-
911 3415 1031 3472 madeant,
1042 3431 1116 3481 quum
1126 3415 1151 3463 in
1161 3414 1271 3480 prelium
1280 3413 1335 3462 ibis.

364 3489 429 3536 ribus
447 3487 564 3552 artificum
582 3489 752 3554 cujuscumque
768 3487 862 3554 generis
943 3491 984 3538 21.
1004 3489 1053 3539 Hor
1072 3487 1190 3551 edm]
1214 3487 1275 3536 Hanc
1293 3481 1402 3536 eminendi

363 3562 420 3628 poni
431 3569 513 3610 nolum
522 3571 566 3610 ecl.
598 3563 712 3613 Hirrum.
911 3562 1080 3613 instrumenta:
1106 3578 1162 3612 narn
1184 3560 1289 3610 Romani
1313 3557 1402 3609 almo

396 3637 421 3685 9.
442 3637 488 3684 Ars
514 3635 627 3685 Palladis.
653 3644 690 3686 cel
720 3635 860 3694 lanificium,
911 3637 1031 3699 scribunl;
1042 3637 1200 3704 Scythevaro
1206 3635 1403 3702 aginanoml.

363 3709 432 3775 cujus
447 3709 564 3759 inventrix
580 3709 662 3758 Pallas
675 3708 747 3759 luisse
764 3709 860 3761 dicitur.
911 3728 971 3777 quas
981 3712 1086 3778 quotidie
1097 3719 1248 3769 uacunque
1258 3727 1302 3760 nos
1312 3705 1404 3759 Romani

364 3785 465 3834 Metam.
482 3783 514 3834 vi.
532 3784 582 3832 fab.
603 3785 620 3832 i.
655 3785 744 3834 canl.
765 3803 861 3836 nonem
910 3787 1138 3838 numerosum

355 3857 760 3926 srnnglr,lr.e.molitlrumentum.
775 3859 861 3912 liant..
