2982 5118
229 395 301 464 EX
323 393 484 462 ΡΟΝΤΟ
508 393 600 461 LIB.
624 393 687 461 IV.
711 395 859 462 EPIS'l'.
884 395 989 462 XIV.
1068 397 1135 464 525

91 571 195 647 Talia
211 581 438 646 succensent
453 579 606 669 propter
623 570 715 644 mihi
732 572 846 646 verba
858 570 1032 660 Tomitae,
1090 575 1134 646 15

142 687 277 786 lraque
295 685 523 760 carminibus
541 686 694 785 publicu
712 699 814 762 mota
831 688 939 763 meis.

92 803 189 900 Ergo
206 828 278 902 ego
295 803 454 878 cessabo
472 827 665 903 nunquam
683 829 751 904 per
768 804 936 880 carmina
952 807 1057 897 loedi;

139 918 289 995 Plectar
306 929 346 994 et
361 919 511 993 incauto
529 944 678 1017 semper
695 922 743 995 ab
757 920 935 1018 ingenio?

90 1034 186 1134 Ergo
204 1061 288 1133 ego,
308 1060 356 1109 ne
374 1035 547 1120 scribam,
566 1035 704 1132 digitos
722 1037 888 1112 incidere
906 1048 1075 1128 cunctor,

137 1152 306 1249 Telaque
326 1150 447 1225 adhuc
466 1151 635 1236 demens,
654 1175 740 1248 quae
758 1177 932 1239 nocuere,
952 1159 1113 1252 sequor?

91 1269 150 1344 Ad
167 1279 315 1342 veteres
334 1269 510 1366 scopulos
529 1268 664 1342 iterum
682 1269 865 1356 devertor,
885 1269 933 1344 ad
951 1270 1046 1359 illas,
1086 1279 1131 1349 21

137 1385 183 1458 In
199 1383 340 1482 quibus
358 1383 515 1458 offendit
532 1385 713 1483 naufraga
728 1385 881 1486 puppiS,
901 1410 1032 1484 aquas.

96 1501 170 1575 Sed
188 1500 282 1574 nihil
300 1499 455 1589 admisi;
486 1499 589 1574 nulla
606 1513 665 1576 est
682 1525 768 1576 mea
784 1502 908 1599 culpa,
927 1499 1099 1593 Tomitae,

141 1617 245 1703 Quos
263 1642 347 1714 ego,
366 1642 484 1715 quum
501 1616 587 1691 loca
604 1617 675 1690 sim
692 1628 818 1692 vestra
835 1641 1004 1717 perosus,
1024 1643 1121 1695 amo.

94 1733 261 1820 Quilibet
277 1733 446 1808 excutiat
463 1732 579 1807 nostri
599 1743 843 1808 monumenta
858 1733 1009 1822 laboris,
1087 1742 1136 1812 25

143 1850 268 1925 Litera
285 1850 334 1923 de
350 1847 455 1923 vobis
474 1857 533 1922 est
547 1872 633 1923 mea
649 1860 785 1946 questa
802 1848 907 1923 nihil.

94 1968 240 2065 Frigus,
256 1976 297 2042 et
312 1965 485 2041 incursus
502 1966 605 2039 omui
623 1965 671 2040 de
689 1977 796 2066 parte
813 1966 1015 2056 timendos,

142 2083 193 2158 Et
210 2083 313 2182 quod
331 2083 501 2182 pulsetur
518 2107 647 2158 murus
663 2085 711 2158 ab
729 2085 850 2172 hoste,
869 2107 1018 2181 queror.

95 2199 139 2274 ln
155 2200 251 2286 loca,
271 2222 346 2272 non
364 2198 547 2288 homiues,
565 2201 761 2274 verissima
776 2200 934 2274 crimina
950 2201 1051 2279 dixi:

144 2314 317 2416 Culpatis
335 2323 500 2388 vestrum
519 2340 582 2389 vos
600 2339 754 2414 quoque
772 2337 874 2413 saepe
892 2315 1025 2390 solum.
1089 2322 1138 2390 30

96 2433 210 2508 Esset
226 2443 412 2532 perpetuo
431 2457 501 2507 sua
516 2458 630 2531 quam
648 2431 811 2528 vitabilis
830 2430 961 2517 Ascra,

145 2549 252 2623 Ausa
268 2559 328 2622 cst
346 2547 517 2646 agricolae
535 2547 651 2623 Musa
668 2547 802 2622 docere
820 2545 935 2619 senis.

94 2663 147 2739 At
159 2664 281 2739 fuerat
296 2675 396 2739 terra
412 2664 574 2762 genitus
590 2664 656 2762 qui
674 2661 836 2761 scripsit,
856 2660 896 2733 in
913 2661 998 2747 illa3

145 2780 332 2855 Intumuit
348 2779 423 2854 vati
441 2804 511 2855 nec
528 2791 656 2854 tamen
674 2778 794 2852 Ascra
808 2801 888 2850 suo.

94 2895 188 2980 Quis
206 2895 368 2995 patriam
385 2896 536 2971 sollerte
554 2894 674 2993 magis
692 2892 828 2968 dilexit
846 2891 1012 2991 Ulyssel
1088 2899 1137 2969 35

145 3011 230 3086 Hoc
248 3023 375 3086 tamen
394 3011 577 3111 asperitas
595 3010 828 3098 indicenota
843 3007 915 3080 loci
935 3017 1005 3081 est.

129 3215 166 3263 16.
183 3211 345 3277 leopoblicc]
365 3209 478 3260 Omnium
487 3209 592 3261 Tomita·
676 3213 716 3261 ³1.
744 3211 807 3259 Erret
831 3220 938 3270 perpetrm
957 3225 1001 3256 aaa
1018 3227 1084 3272 quom
1105 3214 1139 3260 vi·

95 3305 146 3336 rum
155 3286 294 3352 indignatio.
426 3305 430 3316 ·
643 3286 719 3334 totilla
751 3282 843 3346 Atera]
883 3283 973 3332 Versus
1008 3292 1142 3349 suspectus.

126 3365 165 3412 20.
184 3363 241 3411 Telo
250 3379 299 3426 qua
309 3359 425 3423 uocum]
445 3357 557 3409 Carmina
569 3367 594 3406 et
643 3359 732 3406 Herse.

94 3435 224 3501 ingenium.
674 3432 716 3480 33.
734 3427 882 3483 Ascanius
904 3428 929 3478 in
950 3430 1060 3487 Boeotia,
1077 3439 1142 3482 ortua

125 3513 166 3560 35.
195 3505 329 3569 Brenthe]
356 3506 472 3571 Inquirat.
513 3506 593 3554 Nostri
643 3505 695 3562 luit,
706 3511 749 3553 aut
759 3503 837 3553 lorsau
848 3501 882 3552 ibi
892 3503 1006 3554 educatus
1016 3505 1143 3556 Hesiodus.

94 3583 341 3633 memoratoria.
370 3583 459 3631 Versus
470 3589 567 3630 nostros.
643 3579 779 3628 Patervero
795 3577 873 3627 Cuma
888 3578 913 3628 iu
930 3579 1026 3629 AEolide
1042 3579 1143 3630 Aeetam

127 3659 167 3708 26.
181 3659 216 3706 De
226 3655 306 3718 eodm]
326 3655 364 3703 Da
371 3654 506 3703 bominibus
515 3652 593 3702 Tomi·
643 3652 763 3702 transtulit
773 3652 929 3702 domicilium.
938 3671 961 3702 v.
972 3655 1050 3703 locum
1058 3655 1083 3702 iu
1093 3655 1142 3704 He·

96 3732 164 3780 mnia.
643 3727 703 3778 alodi
714 3729 778 3792 Opp.
785 3743 810 3775 r.
820 3729 876 3776 636.
886 3743 939 3793 sqq.
948 3727 990 3776 ubi
1001 3727 1080 3776 contar
1086 3727 1143 3778 Cle-

127 3807 167 3854 27.
186 3806 218 3854 Et
236 3808 342 3854 incursus
362 3805 423 3850 moni
439 3803 466 3848 de
483 3811 549 3863 porte
564 3805 593 3850 ti·
643 3801 718 3851 ricum
728 3801 759 3850 ad
770 3817 793 3848 v.
804 3803 860 3850 640.
891 3802 967 3850 Poeta
978 3799 1075 3849 Hesiodi
1088 3817 1143 3851 eeu·

95 3881 206 3944 meudun]
233 3881 266 3928 Et
282 3877 393 3926 hostilem
415 3877 537 3942 impetum,
556 3876 595 3926 cui
644 3877 743 3926 tentiam
761 3884 853 3924 tautum
869 3875 901 3925 ad
917 3874 952 3924 sui
968 3873 1144 3925 exeusationem

95 3955 242 4004 obnoxiaest
252 3951 357 4018 undique
367 3951 492 4000 Tomitana
502 3949 595 4007 civitas,
645 3948 834 4006 adcommodare,
845 3964 892 3998 non
908 3946 939 3996 ad
950 3947 1046 3996 verbum
1063 3949 1142 4013 expri-

96 4043 149 4092 quu
160 4030 277 4079 Getarum
289 4026 374 4091 prada
385 4025 540 4074 obnoxiaest.
645 4037 709 4073 mere
716 4022 807 4082 voluit;
821 4036 895 4087 quare
902 4021 980 4069 locum
988 4027 1092 4069 nostrum
1101 4037 1144 4073 cur

129 4103 169 4151 30.
189 4103 294 4150 Vatmm
302 4099 393 4163 tolum]
412 4100 523 4148 Vestram
533 4097 595 4146 banc
646 4095 758 4146 Heinsius
773 4096 797 4144 in
807 4094 921 4160 suspectis
930 4093 1027 4150 babeat,
1039 4093 1144 4146 noudum

97 4174 215 4240 regiorum
227 4173 340 4230 sterilem,
351 4181 376 4221 at
390 4171 469 4235 frigori
483 4187 511 4221 ac
526 4169 597 4224 bellis
646 4168 767 4236 pervideo.
799 4168 913 4216 Hennes.

98 4249 232 4298 obnoxiam.
566 4257 571 4268 ·
680 4244 719 4294 ³5.
738 4243 795 4296 Quo
809 4241 931 4306 patriam]
950 4239 999 4301 Qui
1016 4239 1080 4306 apud
1094 4241 1144 4290 llo·
