2982 5118
227 413 302 480 Ex
326 411 487 480 PON'I'O
511 410 604 478 LIII.
631 412 694 478 IV.
718 411 864 480 EPIS'I'.
888 412 999 479 XIII.
1071 415 1136 480 521

97 589 192 690 Ipse,
211 612 358 689 precor,
377 611 538 687 quaeras,
553 609 631 686 qua
645 585 716 662 sim
732 588 802 662 tibi
817 597 924 687 parte
936 589 1137 686 juvandus,

142 706 306 806 Quoque
322 705 421 780 viam
436 704 553 780 facias
570 703 619 778 ad
636 729 722 782 mea
737 715 825 780 vota
839 705 948 780 vado.
1091 709 1141 779 50

370 1189 719 1266 EPISTOLA
755 1191 871 1266 XIII.

536 1376 700 1486 catelo.

99 1533 130 1606 Ο
151 1556 253 1605 ιιιιιι
273 1554 349 1605 non
367 1530 503 1604 dubios
521 1530 617 1603 inter
634 1529 876 1606 memorande
894 1532 1055 1622 sodales,

144 1647 312 1745 Quique,
329 1646 432 1744 quod
450 1669 491 1719 es
508 1669 607 1733 vere,
628 1645 739 1730 Care,
758 1647 914 1734 vocaris,
933 1672 1014 1722 ave.

98 1763 208 1837 Unde
227 1761 415 1847 saluteriS,
435 1761 536 1835 color
553 1760 615 1834 hic
632 1761 701 1835 tibi
719 1761 889 1859 protinus
906 1763 1034 1852 index,

144 1877 196 1952 Et
213 1887 404 1951 structura
420 1876 494 1950 mei
510 1875 685 1950 carminis
704 1901 788 1952 esse
805 1889 953 1976 potest3
1115 1885 1139 1954 4

99 1992 289 2091 Nonquia
306 1991 463 2066 mirifica
477 2002 548 2079 est,
560 1992 629 2066 sed
647 1993 749 2090 quod
764 2018 833 2068 nec
850 1994 1003 2094 publica
1013 2007 1137 2087 certe;

144 2109 278 2195 Qualis
296 2109 397 2183 enim
415 2131 567 2206 cunque
584 2119 655 2198 est,
674 2134 749 2184 non
766 2111 860 2185 latet
873 2136 957 2188 esse
975 2137 1109 2188 meam.

97 2225 184 2326 Ipse
202 2249 359 2324 quoque
378 2236 421 2299 ut
438 2226 576 2299 chartae
594 2226 745 2300 titulum
763 2228 811 2302 de
828 2227 952 2304 fronte
971 2231 1140 2318 revellare,

144 2342 256 2427 Quod
275 2341 325 2415 sit
343 2366 451 2441 opuS,
469 2342 599 2416 videor
615 2342 741 2417 dicere
758 2367 883 2442 posse,
902 2355 1022 2419 tuum.

98 2458 319 2544 Quamlibet
335 2458 374 2532 in
392 2459 522 2532 multis
539 2460 687 2558 positus
703 2482 856 2534 noscere
876 2460 1024 2548 libellis,

145 2575 299 2673 Perque
318 2576 535 2650 observatas
554 2576 741 2652 inveniere
758 2587 881 2650 notae.
1099 2581 1143 2651 lo

99 2691 271 2766 Produnt
289 2702 480 2766 auctorem
496 2691 606 2781 vires,
626 2717 721 2790 quas
740 2691 906 2767 Hercule
922 2691 1058 2788 dignae

146 2807 344 2896 Novimus,
365 2817 478 2905 atque
496 2807 562 2896 illi,
581 2831 695 2906 quem
713 2809 830 2895 canis,
846 2832 931 2882 esse
948 2831 1071 2907 pares.

131 3024 163 3074 Ut
174 3025 301 3088 manullo
311 3026 435 3090 reliquata
451 3035 535 3075 tacut
547 3029 596 3086 tili,
679 3031 703 3077 6.
721 3027 838 3090 Nonquia
849 3025 945 3090 oanfioa
953 3023 1004 3088 act]
1023 3026 1145 3091 Nonquia

158 3101 228 3148 sonat
238 3099 360 3149 comitiam
370 3115 422 3147 cam
432 3116 458 3147 ra
468 3103 570 3148 amictui.
646 3100 698 3150 boc
714 3109 832 3150 structure
848 3107 885 3148 ert
902 3098 1029 3148 laudabilis
1043 3108 1067 3149 et
1077 3099 1145 3150 mira.

98 3173 128 3220 tu
137 3172 172 3221 ite
181 3171 223 3222 alii
232 3189 305 3238 crepe.
337 3171 419 3221 Simila
430 3171 499 3230 illud,
646 3174 690 3224 Sed
701 3177 759 3238 quod
771 3190 811 3222 aea
819 3175 913 3236 publica
921 3183 989 3223 certe.
1021 3173 1068 3222 Sed
1079 3173 1144 3239 qood

127 3244 305 3312 odrocd'dvrlp
314 3247 413 3311 ἄριστος
419 3245 487 3305 ὅστις
498 3245 597 3298 datam
646 3258 710 3297 certe
725 3263 772 3296 non
787 3255 823 3296 eat
840 3246 896 3295 talia
912 3255 939 3294 ut
956 3245 1051 3310 dignam
1064 3247 1146 3296 existi·

130 3316 597 3386 Πέποιθεναίεί,ιὸδ’ᾰποριῖν,ᾰνδρὸς
646 3337 716 3379 mem,
724 3335 777 3386 quae
786 3319 941 3386 inpublicum
949 3318 1040 3384 prodire
1052 3319 1145 3370 debeat.

161 3396 248 3444 tamti.
646 3396 717 3444 Mnn.
743 3394 876 3458 Nugatoritt
885 3393 1062 3458 Inter-premio:
1080 3393 1144 3444 idem

98 3469 179 3536 Ilurip.
191 3469 250 3518 Her.
261 3467 306 3517 sur.
647 3469 709 3517 enirn
731 3476 806 3524 notat,
828 3485 868 3517 aco
889 3468 991 3530 puIIIca,
1010 3467 1073 3533 quod
1097 3485 1144 3517 non

647 3542 745 3608 plebeiae
761 3550 786 3590 et
800 3541 931 3591 communia
945 3558 1021 3600 vena,
1031 3551 1056 3592 et
1070 3551 1146 3604 notam

127 3615 153 3663 ³.
173 3614 241 3666 Unde
250 3616 383 3680 colatoria]
401 3615 424 3665 Δ
435 3632 482 3682 quo
493 3617 556 3667 caluo
565 3616 597 3667 ad
647 3625 674 3666 ut
687 3617 783 3666 Patron.
795 3631 816 3664 c.
828 3614 862 3663 iii.
872 3631 944 3664 ιοιιιιο
957 3634 1003 3664 acm
1010 3617 1098 3678 pattici
1108 3633 1145 3664 aa·

99 3697 121 3737 te
137 3687 247 3748 mittitur,
266 3688 295 3740 de
315 3707 378 3740 more
395 3690 557 3749 sententium,
571 3692 597 3740 in
645 3695 721 3754 parim
739 3699 764 3739 et
774 3689 831 3739 Juv.
842 3687 893 3739 viii.
905 3691 1003 3738 venda:

98 3762 212 3828 principio
229 3763 300 3828 liujus
316 3763 433 3838 epistole.
468 3765 597 3814 colorata
680 3765 725 3814 Sed
734 3773 806 3813 uatem
817 3765 1144 3830 egregiamcoiaoaritpab-

95 3836 168 3889 ,Color
191 3837 281 3886 charte
302 3837 397 3894 aratra,
416 3847 441 3887 et
466 3839 597 3903 squalentis
713 3841 758 3888 lica
768 3856 832 3887 uena.

97 3911 275 3960 atnecuntIum
296 3913 413 3970 munione,
430 3922 455 3962 et
472 3911 597 3963 ferentium
679 3915 703 3961 8.
716 3910 964 3975 Videorpoaeatem]
980 3908 1069 3957 Videor
1078 3925 1146 3974 posse

99 3984 159 4034 hanc
180 3987 257 4052 ipram
280 3986 404 4052 epistolam
427 4002 441 4036 e
463 3986 597 4052 longinquia
647 3986 788 4052 Intelligere,
800 3985 841 4051 qui
852 3983 939 4049 stylum
950 3993 1016 4032 tuan
1027 3992 1050 4031 et
1061 3983 1145 4031 carmi-

98 4060 242 4122 regionibue.
253 4061 348 4110 Macra.
358 4061 458 4110 Mallem
465 4061 597 4127 intelligere
648 4061 685 4110 nis
694 4069 834 4110 structuram
845 4073 968 4123 cognosco.

98 4133 199 4184 colorem
209 4135 336 4196 carminin3
347 4136 388 4202 qui
399 4151 483 4186 nentur
493 4137 598 4186 firmatur
683 4137 719 4183 ll.
738 4134 844 4183 Produnt
861 4140 974 4181 auctorem
988 4130 1068 4194 virm]
1086 4131 1146 4180 Car-

99 4222 167 4258 versu
178 4211 218 4268 13,
227 4227 276 4260 orca
289 4209 480 4274 Maro..proprio
490 4213 598 4273 &pronao
648 4208 718 4257 minin
728 4207 763 4256 tui
778 4205 911 4256 sublimitas
924 4205 1060 4254 manifestat
1074 4204 1145 4256 facile

99 4284 178 4334 colora.
649 4292 715 4332 tuum
726 4281 842 4332 scribendi
853 4296 934 4347 genus.
969 4281 1031 4335 Οιιω
1044 4279 1146 4328 Hercule
