3064 5104
337 309 360 371 t
619 305 675 370 ·P.
698 301 860 370 ovmll
883 299 1095 368 NASONIS

342 479 443 554 Adra
458 501 533 552 non
550 477 675 576 potuit
691 475 838 563 Minos3
867 474 941 549 alia
957 471 1083 548 omnia
1099 473 1246 548 clausit.

395 593 518 678 Quem
536 593 637 678 licet,
651 593 809 666 inventis
827 591 912 664 a'e'ra
929 613 1060 687 rumpe
1078 590 1185 664 meis.

250 802 254 810 μ
346 709 424 783 Sed
440 709 509 782 tibi
529 731 598 782 nec
615 707 718 803 virgo
736 705 909 802 Tegeaea,
928 727 1133 802 comesque
1152 703 1283 778 Bootoe
1338 709 1386 777 55

396 823 556 919 Ensiger
574 821 690 895 Orion
709 819 977 918 adspiciendus
992 820 1075 894 erit.

343 937 411 1013 Mc
429 939 561 1037 pennis
579 947 722 1011 sectare
739 936 851 1012 datis.
870 956 943 1030 ego
959 935 1120 1032 praevius
1138 935 1213 1008 ibo.

396 1055 455 1128 Sit
471 1064 537 1128 tua
552 1076 644 1128 cura
659 1052 766 1150 sequi
781 1078 789 1126 :
818 1073 880 1124 me
896 1051 995 1124 duce
1011 1059 1115 1122 tutus
1132 1049 1219 1123 eris.

346 1169 446 1244 Nam
463 1170 542 1244 sive
559 1168 732 1244 aetherim
748 1165 871 1240 vicino
889 1164 968 1239 sole
986 1187 1054 1262 per
1070 1187 1180 1236 auras

394 1285 551 1372 Ibimus,
570 1285 770 1383 impatiens
789 1304 877 1358 cera
893 1279 1027 1353 caloris
1044 1278 1126 1352 erit.
1335 1282 1386 1352 60

345 1401 433 1475 Sive
451 1401 610 1475 humiles
627 1399 802 1499 propiore
818 1396 913 1471 freto
925 1394 1154 1492 jactabimus
1171 1395 1263 1479 alas,

392 1515 547 1592 Mobilis
564 1515 748 1613 aequoreis
766 1536 892 1612 penna
907 1511 1100 1586 madescet
1117 1511 1239 1607 aquis.

345 1631 448 1706 Inter
461 1643 664 1726 utrumque
676 1629 778 1704 vola:
798 1638 929 1702 ventos
942 1649 1107 1724 quoqne,
1121 1635 1220 1712 nate,
1232 1626 1380 1712 timeto;

392 1745 555 1843 Quaque
571 1744 692 1819 ferent
708 1767 821 1832 aurae,
839 1745 923 1818 vela
939 1743 1105 1818 secunda
1121 1743 1223 1816 dato.

337 1860 449 1934 Dum
469 1870 610 1948 monet,
629 1869 735 1959 aptat
760 1881 855 1958 opus
878 1881 1007 1956 puero,
1026 1867 1284 1954 monstratque
1305 1881 1382 1932 mo·

492 1976 590 2050 veri:
1335 1977 1383 2046 65

397 2087 531 2164 Erudit
547 2091 710 2186 infirmas
729 2103 771 2164 ut
787 2114 857 2164 sua
873 2101 993 2165 mater
1009 2113 1108 2166 aves.

344 2204 440 2278 Inde
458 2205 529 2280 sibi
547 2205 665 2280 factas
683 2207 847 2280 humeris
865 2207 1129 2282 adcommodat
1145 2207 1245 2281 alas:

394 2318 515 2417 lnque
532 2345 669 2396 novum
686 2323 816 2398 timide
834 2347 992 2422 corpora
1007 2323 1117 2397 librat
1134 2322 1216 2396 iter.

341 2433 505 2534 Jamque
521 2437 710 2512 volaturus
728 2463 842 2538 parvo
859 2440 966 2514 dedit
981 2439 1111 2513 oscula
1127 2449 1237 2512 nato:

394 2549 476 2626 Nec
494 2553 624 2652 patriae
642 2554 813 2628 lacrimas
830 2554 1049 2628 continuere
1065 2577 1184 2650 gcnae.
1334 2559 1383 2626 70

341 2663 475 2742 Monte
492 2669 613 2742 minor
629 2669 747 2756 collis,
766 2669 911 2768 campis
929 2679 1010 2744 erat
1026 2669 1134 2742 altior
1151 2669 1291 2765 aequis:

273 2830 276 2838 -
391 2781 490 2856 Hinc
507 2784 598 2858 data
614 2794 704 2856 sunt
719 2784 864 2858 miserae
880 2806 1039 2882 corpora
1055 2782 1143 2856 bina
1157 2781 1270 2879 fugae.

342 2895 393 2970 Et
410 2911 535 2972 movet
551 2901 633 2997 ipse
651 2923 751 2986 suas,
770 2909 810 2972 et
827 2899 904 2972 nati
921 2899 1077 2997 respicit
1092 2899 1171 2972 alas

392 3012 593 3103 Daedalus3
622 3025 662 3089 et
679 3037 811 3089 cursus
829 3017 989 3088 sustinet
1006 3037 1128 3112 usque
1145 3037 1246 3087 suos.

340 3127 504 3227 Jamque
517 3153 655 3204 novum
672 3131 837 3206 delectat
849 3131 941 3205 iter:
970 3130 1169 3229 positoque
1182 3128 1314 3204 timore
1332 3133 1379 3202 75

390 3243 520 3318 Icarus
538 3245 673 3320 audaci
692 3245 822 3320 fortius
840 3257 920 3320 arte
936 3245 1048 3320 volat.

341 3357 422 3434 Hos
441 3359 588 3458 aliquis,
607 3362 768 3436 tremula
784 3363 875 3436 dum
894 3369 1023 3458 captat
1041 3359 1221 3434 arundine
1241 3358 1379 3458 pisces,

388 3471 495 3548 Vidit
508 3501 517 3562 ;
546 3485 585 3550 ct
600 3477 793 3575 inceptum
810 3477 946 3554 dextra
961 3474 1113 3573 reliquit
1129 3500 1238 3575 opus.

340 3657 832 3797 cascesa-„imm
883 3657 1381 3792 pusoffiisqtffl

332 3803 404 3854 ua·
420 3805 455 3856 uc
473 3821 489 3856 a
504 3806 584 3873 rege
601 3809 667 3859 use
683 3747 768 3858 rffi.
783 3770 835 3858 vus
885 3751 1029 3858 urm
1051 3739 1200 3856 {effla
1218 3753 1381 3857 duanam

338 3877 402 3944 apud
411 3879 534 3939 Nostrum,
546 3881 719 3932 Metam.ii.et
729 3881 795 3932 rus.
805 3881 833 3932 ii.
884 3881 1001 3948 quomodo
1021 3880 1063 3930 alii
1081 3895 1136 3933 cnm
1157 3877 1235 3930 Icario
1252 3896 1327 3930 unum
1345 3879 1380 3928 ia·

340 3953 395 4002 166.
405 3954 619 4021 Meminitquoque
630 3955 732 4006 Pam
743 3954 833 4006 Arcad-
884 3955 958 4006 ciunt.
991 3955 1081 4006 fluns.

291 4081 295 4090 ¹
337 4023 372 4074 iii.
382 4027 517 4079 subdncm.
551 4028 642 4078 Anum
916 4029 957 4079 78.
973 4027 1094 4092 inceptu
1103 4029 1184 4076 dextra
1195 4029 1290 4092 reliquit
1299 4025 1379 4090 opu]

370 4101 489 4165 Gomnqm
509 4101 612 4166 Bootes-1
634 4101 697 4152 Nori
720 4101 762 4151 ins
783 4102 833 4152 He·
886 4101 1005 4166 Relinquit
1014 4099 1138 4160 nonnulli3
1154 4115 1215 4152 unus
1223 4100 1382 4151 Vaticanu-
