3064 5104
314 332 467 398 ARTIS
490 327 760 400 melotem
782 329 875 396 ΗΒ.
900 329 970 396 III.
1141 335 1186 402 59

131 507 203 583 Sed
219 509 283 596 sit,
305 516 351 608 ut
368 507 409 584 in
428 504 572 590 multis,
591 501 727 580 modus
744 502 806 578 hic
824 527 989 602 quoqne.
1018 505 1195 584 rusticus

175 623 325 712 Motus3
356 623 396 696 in
416 622 571 699 incessu
589 619 737 706 mollior
751 620 846 698 alter
863 619 946 698 erit.
1070 625 1184 720 [ulter

130 739 220 816 Pars
237 739 386 816 humeri
406 750 535 814 tamen
554 736 715 824 intertui,
734 759 820 835 pers
837 761 985 812 summe
1001 739 1133 816 lacerti

178 856 294 932 Nuda
312 856 375 942 sit,
396 880 421 929 a
438 856 534 930 laevd
552 851 823 953 conspiciende
839 877 964 928 menn.

131 969 214 1048 lloc
232 986 299 1048 vos
316 971 524 1071 praecipue,
545 970 676 1056 niveae,
694 969 819 1046 decet.
848 969 920 1044 hoc
938 969 1002 1044 ubi
1018 970 1107 1058 vidi,

178 1085 326 1163 Oscula
335 1086 435 1162 ferre
445 1087 615 1172 humero,
625 1084 705 1182 qud
721 1093 841 1184 petet,
854 1087 976 1182 usqne
987 1084 1092 1162 tibet.
1109 1091 1185 1160 310
1234 1115 1238 1122 ·

132 1200 306 1278 Monstra
322 1201 441 1276 maris
461 1200 615 1276 Sirenes
633 1208 759 1274 erant:
789 1222 875 1296 quae
890 1223 983 1276 voce
1000 1203 1137 1276 canore

178 1315 405 1402 Quamlibet
423 1315 610 1400 admissas
624 1313 823 1390 detinuere
840 1326 953 1390 retes

133 1431 201 1508 His
222 1458 293 1508 sue
311 1430 543 1531 Sisyphides
562 1428 702 1506 auditis
720 1453 819 1527 pene
836 1431 989 1506 resolvit

180 1549 366 1649 Corpora.
398 1571 488 1634 nem
501 1545 617 1636 sociis
635 1545 732 1622 illita
748 1569 836 1622 cere
851 1544 934 1620 tuit.

133 1664 209 1740 Res
230 1676 291 1741 est
308 1663 456 1738 blanda
472 1685 607 1742 canor:
636 1659 788 1736 discant
804 1671 959 1738 contere
975 1666 1123 1762 puelloe.

179 1781 258 1854 Pro
276 1779 374 1855 fecie
393 1777 527 1858 multis
545 1802 618 1852 vox
636 1763 705 1852 sue
721 1778 809 1856 lena
825 1777 909 1856 fuit.
1114 1787 1189 1858 316

135 1893 185 1970 Et
198 1895 315 1972 modo
334 1893 560 1972 marmoreis
577 1893 742 1973 referant
758 1893 889 1972 audita
906 1897 1085 1990 theatris3

180 2011 233 2087 Et
249 2013 366 2088 modo
387 2009 551 2086 Niliacis
568 2010 737 2088 carmine
751 2010 836 2088 lusa
851 2012 985 2090 modis.

136 2127 215 2205 Nec
232 2129 430 2228 plectrum
447 2127 596 2216 dextre,
616 2126 800 2206 citharam
817 2127 986 2204 tenuisse
1001 2129 1155 2204 sinistre

182 2245 346 2322 Nesciat
364 2242 522 2320 arbitrio
539 2241 681 2320 femine
696 2243 810 2322 docta
826 2269 923 2322 meo.
1069 2255 1072 2262 '
1117 2251 1195 2354 ³²⁰.

135 2565 187 2600 nem
212 2558 342 2616 tamqnam
371 2561 459 2614 parum
484 2548 577 2614 proprie
598 2548 644 2599 hoc
694 2547 773 2615 Epist.
785 2549 828 2598 ³2.

134 2625 183 2675 loeo
198 2623 319 2682 loentum,
332 2623 392 2673 cnm
409 2629 501 2672 nature
517 2637 596 2674 rerunt
607 2622 643 2673 ri·
728 2623 760 2672 Et
770 2624 1164 2688 mmoreeonrmoters’sgsntt.

135 2699 215 2753 turn
225 2698 363 2756 stireman,
373 2707 401 2747 ut
417 2697 502 2746 mulier
512 2697 592 2748 verice
608 2696 645 2748 in·
695 2697 767 2756 Quod
782 2695 845 2745 mele
862 2693 973 2748 Rudente
988 2695 1053 2762 cepit
1070 2695 1100 2746 de
1117 2705 1197 2748 etate.

133 2783 214 2839 gentes
229 2773 325 2840 grrdrm
340 2773 419 2838 possit
434 2771 522 2822 iecere.
555 2771 645 2821 Coniu-
696 2773 787 2821 Busn.

133 2847 167 2897 dit
183 2845 299 2898 nimirum
316 2845 357 2894 vir
373 2843 527 2894 doctissimus
545 2848 646 2894 most
728 2846 787 2894 ³0⁷.
806 2844 866 2892 Pars
883 2843 972 2892 humeri
988 2853 1063 2892 mures
1080 2845 1126 2893 imo
1138 2847 1195 2910 tei]

133 2917 447 2980 mmmmmdivem
463 2918 519 2969 sint.
554 2919 646 2977 Varios,
690 2919 946 2969 'Deeesertirltumert'r
954 2917 1199 2970 ridewess.edStl·

134 2994 320 3062 quedirericat
331 2992 419 3059 pedes,
430 3001 455 3042 et
464 3001 550 3058 preter
556 2992 647 3058 justam
696 2992 756 3043 lust.
772 2991 845 3042 Catil.
859 2989 920 3040 xliv.
939 2989 980 3040 nbi
998 2989 1122 3058 distinguit
1139 2993 1200 3046 inter

134 3085 268 3120 mensim
285 3068 343 3118 lete
357 3066 477 3117 extendit.
511 3067 649 3117 Diuorierrrs
697 3069 787 3118 nudare
796 3067 916 3116 lumentis
926 3073 952 3115 et
964 3081 1075 3117 msere:
1092 3067 1200 3122 hocesse

134 3143 225 3194 Nouius
247 3141 394 3194 Mueettus
413 3141 582 3206 interpretetur
602 3144 648 3191 dir·
698 3140 770 3192 etiem
789 3139 903 3207 proferre.
919 3140 1020 3206 jactare,
1039 3141 1155 3206 educere;
1174 3154 1200 3196 et

137 3221 233 3268 undar.
268 3217 372 3277 Glosssr
390 3213 427 3262 H.
445 3213 568 3280 Stepheni,
586 3218 649 3264 eori-
698 3214 733 3264 its
743 3231 864 3282 possemus
879 3215 925 3264 hoc
941 3223 1086 3282 preceptum
1097 3217 1202 3271 Nasonis

133 3303 177 3350 eut,
195 3291 363 3359 ὑπερβαίνει.
387 3287 443 3338 ulie
462 3288 545 3353 glossae
564 3293 649 3348 cerco,
699 3289 786 3340 nonsd
797 3289 938 3340 exserendus
951 3288 1069 3348 humeros,
1080 3291 1122 3340 sed
1133 3303 1200 3359 parte

133 3363 232 3430 ρωβόω.
243 3367 355 3420 cariem,
367 3361 467 3428 ῥαιβός.
485 3365 567 3413 torro
577 3363 650 3428 igitur
699 3372 792 3414 tentum
807 3364 856 3413 ime
866 3363 992 3414 nudandos
1008 3366 1157 3431 restringere,
1171 3387 1201 3422 ne

132 3451 155 3488 et
165 3438 272 3490 ineurvis
288 3437 403 3506 pedibus
421 3435 546 3486 deducitur
561 3453 651 3503 grecus
699 3437 875 3488 inverecundis
891 3437 970 3488 nimie
990 3439 1103 3505 magister
1119 3440 1202 3495 videt-

133 3517 231 3580 πνέω.
255 3513 303 3564 sed
322 3511 431 3562 alterum
447 3517 537 3560 uaturrc
557 3511 650 3568 vitium,
701 3521 746 3562 tur.
779 3513 871 3562 Busrs.

133 3587 233 3638 slterum
243 3585 348 3638 rustice
362 3583 553 3634 consuetudinis.
570 3585 651 3636 Heru-
733 3588 792 3637 ³1³.
831 3588 876 3636 llis
901 3603 944 3636 ereo
971 3587 1108 3652 Sisyphides,
1140 3591 1201 3658 δια]

134 3663 324 3714 stum-Docte·
341 3667 403 3710 sunt
430 3667 456 3708 et
475 3659 578 3724 egregia,
598 3677 652 3725 quse
702 3661 797 3720 lllixes,
808 3661 873 3711 illius
883 3661 978 3728 Sisyphi
990 3662 1062 3722 filius,
1073 3664 1124 3730 qui,
1135 3663 1203 3716 illata

134 3737 248 3788 Heinsius
258 3736 301 3786 hic
314 3735 410 3785 adfert.
428 3731 471 3782 sed
479 3745 558 3799 posset
565 3743 589 3784 et
599 3732 652 3800 cepi
702 3736 734 3794 vi,
751 3745 777 3786 ut
795 3735 873 3794 ciunt,
889 3735 1024 3801 Autolycus,
1039 3738 1130 3788 luens
1147 3755 1204 3789 con·

134 3811 163 3861 de
171 3812 264 3862 lemine
274 3809 375 3862 metica
386 3814 415 3856 et
429 3805 531 3871 ingentis
547 3817 654 3865 stature,
699 3810 760 3877 jugi,
776 3810 873 3860 Ulixem
890 3827 920 3860 ex
938 3825 967 3860 ea
984 3813 1097 3878 suscepit.
1131 3815 1203 3872 Quod

135 3885 293 3952 quaestions
303 3879 497 3949 gradusterren
513 3882 652 3934 nemetille
701 3884 800 3950 quidem
825 3887 936 3951 probrum
963 3884 1008 3952 ipsi
1029 3885 1092 3952 Aju
1111 3887 1203 3952 objicit,

134 3969 224 4010 stature
240 3957 323 4008 nimis
340 3953 504 4006 rusticitatem
517 3957 611 4020 probat,
629 3965 653 4006 et
702 3959 803 4008 Mettum.
820 3958 872 4008 xiii.
889 3959 932 4008 31.
953 3975 1008 4024 sqq.
1026 3960 1067 4009 ubi
1085 3960 1115 4008 de
1132 3961 1204 4010 armis

133 4033 209 4084 solent
219 4034 340 4102 ingentes
351 4031 405 4080 illae
416 4029 509 4080 sesninc
517 4031 654 4081 deformiter
703 4031 813 4090 Achillis,
821 4032 918 4081 Ulixem
935 4031 996 4082 inter
1012 4041 1037 4081 et
1048 4033 1154 4097 Ajacem,
1166 4047 1204 4084 ιο-

135 4109 266 4159 etrustice
284 4105 417 4158 incedere.
435 4103 592 4157 stellartius
610 4106 653 4156 xii.
704 4106 788 4158 lemnis
799 4106 949 4174 disceptatio.
984 4107 1075 4156 Anne.
