3064 5104
382 353 537 420 ARTIS
560 353 829 420 AMATORIAE
851 355 942 422 LIB.
967 355 1017 422 11.
1187 357 1230 424 19

168 523 228 599 Ne
244 537 381 601 tamen
400 527 539 602 officiis
555 527 683 602 odium
702 537 889 626 quaeratur
906 531 954 604 ab
971 532 1087 626 aegrd,

218 641 278 716 Sit
296 669 395 718 suus
415 643 456 717 in
475 646 615 719 blanda
634 644 833 719 sedulitate
851 646 996 720 modus.

170 756 275 834 Neve
293 760 386 834 cibo
401 761 578 859 prohibe,
597 783 667 834 nec
686 760 801 834 amari
818 762 956 859 pocula
972 763 1074 836 succi
1149 767 1223 840 335

220 873 405 974 Porrige:
435 877 561 950 rivalis
579 875 736 951 misceat
750 875 816 948 illa
832 885 933 950 tuus.

174 979 248 1065 Sed
266 1015 355 1078 non,
376 993 440 1068 cui
460 993 610 1068 dederis
628 1016 652 1067 o
667 992 775 1066 litore
793 993 963 1078 carbasa,
982 1003 1094 1068 vento

224 1105 436 1195 Utendum,
458 1109 583 1184 medio
599 1131 686 1182 cum
703 1107 846 1206 potiere
863 1109 971 1183 freto.

178 1220 274 1296 Dum
292 1248 415 1302 nouus
434 1236 535 1300 errat
552 1249 667 1312 amor,
685 1225 782 1298 vires
801 1225 872 1299 sibi
890 1225 1042 1320 colligat
1059 1249 1153 1300 usu:

222 1337 262 1412 Si
278 1341 380 1416 bene
397 1342 587 1429 nutrieris
606 1353 775 1440 tempore
793 1340 922 1414 firmus
940 1340 1022 1414 erit.
1144 1344 1219 1414 340

177 1453 295 1538 Quem
311 1467 468 1532 taurum
487 1459 634 1544 metuis,
653 1458 811 1532 vitulum
829 1458 994 1532 mulcere
1012 1459 1185 1532 solebas:

225 1571 304 1646 Sub
323 1574 402 1671 qud
420 1598 522 1648 nunc
541 1575 698 1648 recubas
717 1575 860 1660 arbore,
880 1574 983 1668 virga
999 1571 1080 1648 luit.

179 1685 353 1762 Nascitur
370 1689 548 1785 exiguus
567 1689 635 1764 sed
652 1713 744 1788 opes
762 1688 928 1786 adquirit
944 1689 1079 1774 eundo,

223 1801 387 1901 Quaque
405 1804 522 1890 venit,
541 1805 678 1878 multas
698 1805 836 1903 accipit
853 1804 972 1878 amnis
990 1827 1122 1902 aquas,

177 1913 248 1991 Fac
265 1919 333 1992 tibi
352 1931 601 1994 consuescat:
631 1921 682 1994 nil
700 1920 971 1995 consuetudine
989 1923 1124 2018 majus.
1143 1924 1218 1994 345

224 2032 346 2117 Quam
364 2035 436 2108 tibi
455 2035 546 2108 dum
563 2035 704 2134 capias,
722 2035 836 2110 taedia
853 2035 955 2110 nulla
971 2034 1071 2133 fuge.

176 2145 227 2222 'l'e
243 2173 394 2249 semper
410 2151 559 2226 videat:
587 2151 656 2226 tibi
674 2173 823 2249 semper
839 2150 1007 2250 praebeat
1023 2173 1152 2226 aurem
1168 2177 1176 2223 :

221 2263 412 2340 Exhibeat
428 2267 553 2340 vultus
572 2290 724 2364 noxque
741 2267 900 2362 diesque
918 2277 1015 2340 tuos.

177 2377 270 2452 Cum
287 2381 357 2455 tibi
373 2384 496 2479 major
513 2381 584 2456 erit
600 2381 749 2467 fiducia,
768 2404 880 2480 posse
898 2381 1058 2478 requiri;

220 2493 314 2568 Tum
332 2497 483 2596 procul,
503 2497 649 2572 absenti
666 2497 931 2581 confusurus,
951 2483 1025 2570 abi.
1142 2500 1218 2570 350

176 2607 231 2683 Da
246 2613 433 2710 requiem.
462 2614 654 2712 requietus
672 2637 762 2710 ager
777 2613 876 2686 bene
893 2612 1037 2685 credita
1053 2611 1199 2686 reddit:

220 2725 415 2826 Terraque
433 2730 605 2803 coelestes
622 2729 728 2802 arida
745 2726 874 2800 sorbet
891 2749 1022 2823 aquas.

205 3016 262 3064 344).
288 3017 314 3064 Si
333 3019 390 3066 deas
409 3019 521 3066 πιιῑτὶπίε
547 3019 663 3083 tempora]
751 3018 825 3073 Quam
840 3019 881 3065 tibi
892 3019 947 3066 dum
963 3019 1048 3080 copies,
1065 3017 1132 3064 tedia
1147 3016 1215 3064 stalla

168 3087 312 3140 Macerinus
329 3090 512 3140 dbtinctionern
530 3092 666 3142 lleinsisnss
772 3093 847 3158 fage.

167 3162 369 3222 editionis,secnti
381 3175 476 3216 veteres
487 3165 617 3216 editiones:
716 3166 771 3222 Vel,
790 3165 853 3232 quod
872 3164 978 3224 mallem,
994 3175 1030 3222 tu,
1048 3165 1103 3213 dum
1124 3165 1216 3226 copim:

181 3237 398 3297 anunm,
411 3242 596 3304 temporsfimus
604 3243 657 3290 erit.
717 3240 797 3304 puella
813 3239 904 3288 scilieet
918 3239 953 3288 tui
966 3236 1159 3288 consuetudinem
1173 3253 1212 3286 cs·

167 3309 276 3374 Tesspors,
296 3313 337 3362 bic
357 3321 397 3363 est
418 3313 560 3379 paullatim
582 3315 602 3362 si
623 3331 666 3366 uu·
714 3318 772 3378 pist.
783 3314 880 3378 elegans
893 3313 956 3362 euim
965 3313 1064 3370 locutio,
1072 3329 1152 3375 capere
1162 3329 1214 3362 ros·

164 3383 244 3442 trieris,
255 3387 302 3436 erit
311 3387 397 3436 firmus
406 3395 520 3453 tempore.
553 3389 641 3439 Buau.
716 3391 868 3443 mistim,
892 3403 933 3454 pro
958 3387 1004 3435 sibi
1031 3385 1109 3436 lacere
1135 3401 1213 3442 usum,

193 3461 250 3510 343.
270 3461 355 3525 Opes]
384 3459 456 3508 Idem
477 3460 610 3526 significant
626 3461 665 3510 hic
716 3461 841 3527 paullatim
857 3460 1004 3510 adsuescere.
1037 3461 1126 3508 Bussr.

163 3549 216 3594 φα,
232 3535 298 3600 quod
315 3539 379 3584 sires
389 3534 455 3600 apud
473 3535 557 3600 Virgil.
572 3536 605 3584 iv.
620 3537 664 3585 AE·
760 3539 818 3586 351.
844 3536 968 3600 Raptim
991 3536 1071 3601 agen]
1098 3535 1211 3598 Proprie:

163 3608 226 3657 aeid,
257 3611 333 3660 1575.
364 3613 426 3658 vires
454 3613 552 3673 acquirit
581 3614 664 3660 canda
716 3610 991 3660 usmitalleillusticae
1005 3619 1113 3659 auctores
1126 3608 1212 3657 solent.

160 3679 256 3732 Douzs.
716 3684 844 3734 Colonen.
860 3684 886 3732 ii.
904 3685 946 3734 99.
974 3686 1055 3748 Atque·
1066 3685 1110 3732 itta
1128 3684 1215 3731 uicibus

189 3757 244 3807 345.
258 3755 368 3820 caym]
388 3754 536 3806 heoncinne
543 3773 619 3806 serum
627 3757 665 3806 bic
715 3777 829 3808 annornm
839 3761 965 3822 requistum
977 3761 1133 3824 agitatumque
1143 3758 1214 3806 otter-

159 3830 307 3898 adpositam
323 3837 472 3886 verteretur,
486 3845 541 3880 eum
555 3832 584 3880 τὸ
599 3849 666 3894 quam
716 3837 760 3890 sis,
776 3843 799 3881 st
813 3851 879 3896 quam
894 3834 1029 3882 latissimam
1041 3832 1121 3880 uolunt
1131 3847 1214 3896 upum

158 3905 280 3956 multata
293 3922 327 3956 ex
339 3904 401 3968 lege
411 3903 525 3952 armenis
535 3903 623 3962 Iatioi,
634 3903 666 3953 ad
716 3905 747 3955 de
765 3905 874 3955 Arborib.
889 3922 943 3972 cap.
958 3906 1028 3955 iiiia
1044 3923 1101 3971 agro
1115 3907 1214 3966 requieto

156 3982 346 4030 massadam
363 3976 399 4026 sit
414 3976 573 4026 Mutandum.
592 3994 666 4042 quare
716 3983 804 4030 simos
813 3984 899 4042 ponito.
909 3983 1036 4045 requietum
1046 3981 1081 4028 loc
1092 3977 1156 4026 idem
1172 3975 1213 4025 lib.

153 4051 261 4104 insistens
280 4051 375 4119 priscis
392 4049 536 4100 editioribus
555 4059 580 4099 et
594 4051 665 4102 Pata·
717 4055 757 4104 vii.
765 4058 789 4104 a.
800 4058 901 4118 requieto
911 4073 961 4112 ooo,
971 4053 1020 4102 viii.
1032 4055 1057 4102 5.
1092 4052 1180 4099 Bonis.

150 4125 208 4184 sino,
222 4135 249 4176 et
261 4127 347 4176 tribus
358 4122 417 4173 aliis
428 4123 529 4190 scriptis,
538 4124 606 4189 lego:
