2982 5118
361 385 429 454 Μ
524 435 530 444 .
614 381 692 448 ΙΡ.
718 379 883 448 ovum
906 379 1121 448 NASONIS
1188 381 1195 389 '

364 562 450 649 Quo
467 559 565 660 pede
582 581 682 632 nunc
700 569 797 644 utar,
809 556 928 630 dubia
943 565 1004 632 est
1019 555 1210 632 sententia
1227 557 1356 632 nobis:
1391 625 1394 630 .

413 675 520 752 Alter
535 671 636 748 enim
654 674 703 748 de
719 683 771 760 tc,
791 671 941 759 Rhene,
960 672 1175 772 triumphus
1191 673 1316 748 adest.

363 793 475 868 Irrita
490 813 662 866 verorum
679 813 755 864 non
772 801 861 864 sunt
878 789 1066 888 praesagia
1080 801 1231 866 vatum:

413 908 551 982 Danda
565 905 651 982 Jovi
670 907 809 992 laurus,
830 906 921 979 dum
938 905 1040 1004 prior
1056 905 1121 980 illa
1134 905 1243 980 viret.
1360 911 1399 980 90

363 1023 401 1098 N
402 1049 446 1100 ec
456 1047 543 1100 mea
551 1025 668 1100 verba
682 1023 790 1120 legis,
801 1021 868 1120 qui
881 1045 965 1114 sum
979 1023 1177 1098 submotus
1190 1024 1240 1097 ad
1255 1022 1397 1108 Istrum,

413 1141 500 1214 Non
517 1141 613 1214 bene
631 1139 777 1238 pacatis
794 1137 950 1214 flumina
964 1149 1057 1238 pota
1074 1137 1206 1214 Getis:

362 1255 442 1332 Ista
461 1256 533 1332 Dei
550 1281 625 1332 vox
642 1266 723 1332 est:
745 1254 852 1330 Deus
869 1265 929 1330 est
946 1255 985 1328 in
1001 1267 1155 1354 pectore
1170 1267 1323 1331 nostro:

412 1373 504 1448 Haec
521 1373 619 1448 duce
636 1371 800 1471 praedico
817 1372 1075 1470 vaticinorque
1094 1371 1190 1446 Deo.

361 1487 461 1574 Quid
478 1513 606 1564 cessas
616 1513 766 1563 currum
779 1511 1035 1587 pompamque
1045 1512 1178 1587 parare
1191 1487 1395 1586 triumphis,

410 1605 540 1681 Livia?
561 1608 641 1704 jam
659 1607 781 1680 nullas
800 1607 893 1680 dant
909 1607 978 1680 tibi
995 1606 1096 1680 bella
1112 1629 1250 1680 moras.
1356 1607 1396 1675 96

361 1721 512 1797 Perfida
530 1723 727 1796 damnatas
744 1721 949 1797 Germania
964 1721 1116 1821 projicit
1132 1723 1285 1795 hastas:

410 1837 433 1910 J
437 1861 497 1912 am
515 1839 665 1936 pondus
682 1837 789 1913 dices
807 1863 918 1914 omen
936 1839 1075 1912 babere
1092 1861 1234 1912 meum.

361 1953 498 2042 Crede,
511 1954 693 2052 brevique
710 1953 805 2028 fides
820 1955 960 2042 aderit;
981 1951 1190 2050 geminabit
1202 1953 1375 2026 honorem

410 2067 540 2155 Filius,
560 2079 600 2143 et
612 2069 769 2166 junctis,
788 2081 831 2144 ut
847 2070 963 2170 prius,
983 2069 1054 2144 ibit
1070 2068 1192 2167 cquis.
1333 2071 1396 2141 100

358 2183 508 2270 Prome,
521 2185 624 2282 quod
642 2185 787 2282 injicias
805 2187 970 2260 humeris
986 2186 1204 2273 victoribus,
1221 2197 1380 2260 ostrum:

409 2299 501 2399 Ipsa
517 2310 646 2400 potest
662 2301 813 2376 solitum
831 2327 943 2378 nosse
957 2326 1096 2378 corona
1111 2312 1241 2402 caput.

359 2415 490 2504 Scuta,
510 2418 578 2492 sed
596 2428 635 2492 et
652 2418 770 2514 galeae
788 2419 947 2514 gemmis
967 2420 1159 2494 radientur
1176 2429 1215 2492 et
1232 2441 1334 2503 auro,

410 2531 596 2632 Stentque
615 2557 728 2632 super
744 2533 889 2608 vinctos
907 2545 1041 2609 trunca
1057 2546 1199 2633 tropaea
1210 2535 1319 2608 viros

359 2647 512 2747 Oppida
529 2647 671 2724 turritis
689 2647 889 2746 cingantur
906 2651 1071 2726 eburnea
1088 2650 1227 2740 muris;
1330 2651 1396 2722 105
1470 2677 1471 2710 ÷

408 2763 591 2864 Fictaque
608 2788 669 2840 res
686 2789 773 2839 vero
791 2790 894 2841 more
912 2777 1064 2868 putetur
1080 2766 1155 2864 agi.

386 2983 428 3031 90.
441 2981 527 3030 Danda
536 2982 589 3032 Jcrt
599 2982 700 3046 tarsus]
710 2981 855 3050 Triumphus
903 2982 1010 3032 &nnat
1049 2983 1155 3045 Pnjicr't.
1177 2981 1270 3047 abjicit
1288 2989 1396 3045 anquam

354 3054 450 3106 dandas
467 3065 504 3105 est
519 3055 575 3105 Jovi
594 3057 738 3122 Capitolino,
753 3057 792 3106 cui
810 3057 853 3106 im-
903 3073 972 3124 pnue
983 3059 1055 3107 rictn

355 3139 475 3194 peratum
491 3131 557 3179 lauro
574 3129 679 3180 camunti
696 3131 763 3180 bant
781 3132 853 3182 ucri·
935 3133 978 3182 99.
989 3131 1120 3181 uanam
1130 3131 1236 3180 m
1249 3128 1338 3191 Fitr'u]
1355 3128 1396 3175 Ti·

355 3203 462 3253 hatum.
502 3205 549 3254 Vel
569 3205 630 3254 dicit
650 3205 783 3270 ponendam
803 3221 854 3255 erra
903 3206 983 3256 berica
994 3207 1067 3256 ilium
1074 3214 1232 3270 marequetur
1242 3203 1395 3270 triumphurn:

354 3276 461 3326 lauream
477 3278 507 3328 de
523 3293 588 3328 more
602 3289 656 3344 port
669 3279 814 3345 triumphum
829 3279 855 3328 in
904 3289 929 3329 et
939 3280 974 3330 ita
983 3280 1073 3346 duplici
1084 3279 1205 3345 triumpho
1218 3278 1264 3328 erit
1279 3277 1395 3341 glorium,

294 3409 300 3422 ⁸
354 3351 406 3400 ode
416 3352 483 3400 Jorir
494 3352 631 3418 Capitolini.
661 3353 724 3401 Dum
732 3357 798 3417 prior
811 3355 855 3404 rua
904 3354 978 3404 ultera
991 3363 1060 3419 puto
1074 3355 1105 3403 de
1121 3352 1214 3418 Illyria,
1223 3353 1296 3402 altero
1306 3365 1357 3400 vcro
1367 3351 1397 3400 dc

354 3429 421 3474 viret.
448 3426 515 3474 Dum
532 3441 618 3476 ωωιιι
639 3426 682 3477 illa
697 3427 793 3485 Tiberii,
807 3445 855 3494 qna
904 3426 1397 3484 Germaniariberimsnimvuuaoer·
1470 3435 1471 3450 ¹

355 3499 428 3564 paulo
444 3507 500 3548 autc
513 3513 588 3548 ovant
599 3500 630 3549 ob
639 3500 786 3550 debellatum
795 3501 853 3568 ΠΙ]-
903 3502 992 3560 manin,
1003 3502 1129 3568 inperator
1139 3501 1274 3567 ndpcllatnc
1285 3500 1333 3549 tuit.

353 3571 438 3630 ticum,
453 3581 580 3622 corcuatus
597 3575 678 3622 urbam
696 3575 800 3632 intravit,
812 3576 854 3625 ad·
939 3578 993 3626 10⁴.
1014 3577 1121 3639 &nque
1140 3593 1210 3642 super
1229 3579 1297 3624 nicta
1315 3585 1397 3622 mm
1470 3561 1471 3584 ¹

354 3646 402 3696 buc
416 3657 453 3698 cst
468 3647 686 3696 reccmetviridir.
714 3649 809 3714 Exque
818 3651 855 3698 in·
904 3660 989 3713 σομε
1010 3651 1090 3714 vim]
1119 3637 1207 3699 Malim
1225 3665 1291 3712 super
1314 3651 1400 3698 dueta

353 3723 405 3772 nuit
424 3731 477 3790 port
493 3722 562 3771 illum
580 3723 733 3788 triumphurn,
753 3725 855 3774 alterurn
903 3725 1107 3790 drucumpirn.
1134 3725 1282 3774 Medicecct
1295 3722 1399 3788 quinque

353 3798 425 3848 etiam
434 3795 571 3864 propediem
581 3796 661 3846 deberi
669 3797 773 3848 Tiberio.
903 3799 966 3850 aliis.
992 3801 1022 3849 In
1033 3798 1265 3848 Numirmstiseairr
1278 3797 1397 3846 marmori·

385 3874 427 3922 at.
450 3871 527 3937 Hm]
551 3873 623 3922 Hunc
644 3873 745 3922 atterum
767 3871 852 3924 trium·
902 3875 995 3940 bmque
1006 3873 1109 3939 antiquis
1119 3871 1399 3939 adpuentpmimctp·

354 3947 437 4013 phura.
903 3948 1052 4015 tivitrcpnir
1061 3947 1170 4013 adligati.
1188 3949 1278 3996 Hunc.
1305 3945 1399 3993 Tmen

385 4021 426 4070 97.
447 4021 541 4086 Perfida
561 4020 707 4084 flamonia-1
724 4021 854 4072 (immania
903 4031 994 4086 tropea.
1011 4025 1071 4080 Qus
1080 4021 1330 4086 amputatirarboribus
1337 4019 1400 4083 fige-

351 4110 406 4159 qun
419 4094 490 4146 fldem
505 4093 703 4160 ruptilium-nir.
716 4109 778 4144 coro
789 4096 853 4146 Varo
902 4097 1003 4156 brutum
1020 4097 1176 4162 amputabant
1191 4095 1254 4146 euim
1267 4107 1340 4142 mm
1361 4108 1400 4140 ar-

351 4176 377 4216 et
394 4167 469 4226 tribur
491 4167 632 4238 legionibus
655 4169 784 4218 aarum
802 4170 853 4218 tus-
901 4171 993 4226 borum,
1012 4185 1041 4219 ac
1063 4169 1152 4220 deinde
1179 4170 1250 4223 armis
1268 4165 1401 4233 spoliisque

351 4249 395 4290 rar.
426 4243 675 4310 &literarumque
687 4244 818 4295 dotantur
828 4256 853 4296 et
901 4243 963 4296 buti
973 4245 1086 4297 memus
1094 4246 1218 4300 matus
