2988 5116
266 423 336 490 Ex
360 423 520 490 ΡΟΝΤΟ
543 423 634 490 LIB.
657 423 708 490 11.
730 423 877 492 EPIST.
899 425 963 492 Vl.
1070 429 1134 494 tal

91 597 219 696 Turpe
236 596 308 672 erit
325 596 364 674 in
382 596 528 672 miseris
544 598 660 672 veteri
678 598 747 672 tibi
765 599 878 673 rebus
896 597 1016 676 amico

141 712 339 788 Auxilium
356 713 460 788 nulla
474 723 580 812 parte
597 713 729 789 tulisse
748 725 867 789 tuum.
1085 723 1134 792 20
1177 743 1184 754 ·

91 829 220 929 Turpe
237 828 372 906 referre
390 830 540 931 pedem,
559 854 629 905 neo
647 854 762 931 passu
781 841 880 906 stare
898 833 1044 908 tenaci:

141 943 270 1046 Turpe
286 947 518 1022 laborantem
533 947 745 1022 deseruisse
762 957 892 1022 ratem.

91 1056 220 1160 Turpe
237 1061 347 1162 sequi
364 1085 507 1150 casum,
527 1071 566 1137 et
582 1061 739 1137 fortune
757 1064 905 1152 cedere,
924 1063 1087 1138 amioum

144 1175 208 1265 Et,
226 1178 299 1252 nisi
317 1179 367 1253 sit
382 1177 484 1267 felix,
504 1203 589 1254 esse
605 1203 744 1277 negare
763 1203 885 1255 suum.
1085 1183 1134 1254 24

93 1291 182 1368 Non
217 1293 271 1367 ita
294 1293 469 1369 vixerunt
504 1293 681 1394 Strophio
711 1305 827 1393 atque
854 1292 1136 1392 Agamemnone

144 1407 181 1482 N
184 1433 232 1483 on
250 1410 331 1484 haeo
349 1409 494 1508 AEgidae
509 1407 744 1508 Pirithoique
761 1409 868 1484 fides.
1017 1410 1133 1508 [natiz

93 1521 200 1608 Quos
218 1524 319 1623 prior
336 1536 395 1600 est
411 1525 556 1612 mirata,
576 1547 741 1624 sequens
758 1524 952 1600 mirabitur
969 1536 1082 1615 aetas3

144 1638 190 1713 In
209 1664 367 1738 quorum
385 1642 539 1739 plausus
557 1651 637 1715 tota
652 1639 801 1715 theatra
816 1651 963 1715 sonant.

92 1754 150 1830 Tu
170 1781 336 1855 quoque,
355 1782 424 1856 per
439 1758 575 1832 durum
592 1767 739 1832 servato
756 1767 907 1856 tempus
925 1756 1058 1844 amico,

145 1871 294 1969 Dignus
311 1897 352 1948 es
370 1874 409 1947 in
425 1873 539 1948 tantis
556 1895 694 1948 nomen
711 1872 850 1948 habere
867 1872 968 1946 viris,
1086 1877 1135 1946 30

94 1986 244 2085 Dignus
261 2013 326 2065 es:
347 1998 387 2063 et
404 1989 582 2088 quoniam
599 1991 751 2065 laudem
769 1990 909 2090 pietate
927 1989 1092 2074 mereris,

145 2103 233 2178 Non
251 2105 322 2180 erit
337 2106 447 2181 officii
466 2109 586 2204 gratia
603 2105 718 2182 surda
733 2107 801 2181 tui.

94 2220 220 2295 Crede
237 2220 341 2309 mihi,
360 2233 528 2297 nostrum
546 2223 667 2298 sinon
684 2224 842 2298 mortale
859 2220 1026 2296 futurum

143 2335 376 2425 Oarmeu‚in
394 2363 457 2413 ore
474 2337 650 2437 frequens
668 2338 897 2439 posteritatis
915 2338 1001 2413 eris.

95 2451 170 2526 Fae
188 2452 300 2526 modo
316 2475 537 2552 permaneas
554 2455 674 2555 lapso,
695 2454 880 2542 Graeoine,
899 2453 1044 2542 fidelis;
1086 2455 1135 2528 35

145 2567 268 2643 Duret
285 2580 325 2644 et
340 2569 380 2643 in
395 2571 528 2669 longas
546 2573 711 2672 impetus
730 2571 802 2645 iste
819 2593 956 2643 moras.

95 2681 189 2770 Quae
207 2695 249 2758 tu
267 2708 384 2782 quum
402 2699 570 2786 praestes,
589 2711 692 2762 remo
716 2697 841 2761 tamen
864 2695 948 2759 utor
964 2683 1003 2756 in
1022 2707 1132 2758 aura:

145 2795 211 2873 Nil
228 2808 340 2874 nooet
356 2800 521 2878 admisso
538 2802 700 2878 subdere
717 2802 841 2876 calcar
858 2823 970 2898 equo.

126 3015 168 3064 2³.
184 3014 260 3079 Tor-ps
275 3021 337 3082 ειμι·
351 3018 447 3084 mm]
465 3017 591 3070 Distiohou
641 3019 691 3069 dui
708 3033 723 3068 s
739 3031 791 3080 ωας
801 3017 840 3068 vel
857 3033 903 3068 non
918 3016 1005 3066 lrnstrs
1019 3013 1136 3066 officiosus

96 3087 222 3138 Ovidisue
244 3107 310 3140 vens
332 3091 366 3140 nil
388 3093 468 3144 hahet.
501 3095 590 3144 Huns.
641 3094 666 3144 in
676 3109 715 3144 me
725 3093 779 3143 eris.

95 3161 133 3212 De
153 3179 216 3221 eoru,
235 3163 347 3214 distincto
368 3181 383 3214 s
404 3167 517 3226 Fortuna,
537 3167 590 3218 vide
674 3169 714 3218 35.
729 3167 802 3230 lapso
819 3163 1030 3228 GraesinsfidelisJ
1049 3161 1137 3211 Melio-

95 3235 278 3296 Quintilisnum,
288 3238 397 3288 Declam.
407 3240 439 3289 iv.
449 3242 488 3292 1³.
640 3255 677 3290 res
688 3242 752 3290 huo.
767 3241 856 3289 Huius.
875 3237 956 3288 Nostri
967 3239 1040 3300 tapso:
1051 3238 1121 3286 bene.

127 3311 415 3378 tentataverunt]
435 3314 489 3363 Non
502 3313 537 3363 its
553 3331 590 3364 se-
672 3317 712 3364 36.
729 3315 775 3364 lsts
792 3313 909 3377 impetu]
928 3312 978 3362 Ista
994 3312 1061 3361 ardor
1079 3309 1136 3359 mihi

95 3383 144 3433 tuti
160 3393 216 3434 sunt
226 3400 316 3444 essum,
326 3385 456 3436 deserendo
468 3403 494 3436 se
505 3387 531 3436 in
547 3388 590 3437 sd·
640 3389 743 3439 latendi.
776 3388 806 3437 ln
818 3389 985 3454 mmmmm.
1002 3387 1031 3435 ln
1041 3387 1136 3450 longum

95 3456 178 3506 versis.
206 3457 265 3506 Noti
278 3459 384 3522 Strophio
393 3469 461 3524 atquo
472 3463 591 3527 Agamem·
639 3473 741 3530 ternpus.

96 3547 161 3580 nou.
178 3531 294 3597 Pyladem
304 3541 329 3582 st
339 3533 446 3583 Orestem
457 3533 559 3601 optimos
568 3543 593 3586 et
673 3537 714 3586 ³7.
725 3535 796 3585 Romo
806 3545 880 3586 mosen
889 3545 945 3584 utor
955 3539 981 3584 tn
991 3533 1072 3597 aura]
1089 3531 1126 3579 Ta

95 3619 162 3654 caros
175 3605 264 3655 amieos
273 3605 396 3672 designat:
414 3607 459 3658 fuit
467 3609 530 3658 snitu
543 3611 592 3675 Py·
641 3625 695 3660 roeo
706 3609 843 3660 tuoauxilio
852 3607 958 3659 etlsvori
969 3607 1055 3657 addam
1066 3605 1137 3655 etism

96 3679 163 3728 lsdss
174 3679 275 3746 Strophii
285 3681 416 3732 Phocensis
426 3681 496 3732 filius.
642 3699 724 3752 preces
733 3693 758 3734 st
766 3683 939 3733 exhortationes
948 3697 1021 3732 mess.

127 3754 168 3803 26.
181 3754 290 3820 Egla]
307 3755 400 3813 Thesei,
415 3757 457 3822 qui
474 3755 536 3807 filius
550 3755 595 3807 fuit
675 3761 717 3809 38.
729 3757 932 3822 Attenia-*qaod
940 3757 1064 3822 mentor.
1071 3763 1098 3803 ut
1106 3751 1136 3801 da

97 3827 178 3892 AEgd,
189 3836 213 3876 et
224 3827 324 3878 Pirithoi
333 3828 498 3880 smioissimus.
563 3879 567 3886 ,
640 3830 709 3897 equis
728 3831 862 3881 desultoriis
881 3839 945 3895 egat,
962 3827 1026 3894 quod
1046 3827 1138 3893 copiosa

127 3901 170 3952 28.
177 3901 207 3950 ln
216 3918 311 3965 quotuor
320 3904 435 3968 pluam]
455 3905 591 3970 lnquomm
641 3905 744 3955 illustrat
761 3905 882 3955 Heinsius.
915 3903 962 3953 Sed
980 3903 1040 3952 bons
1056 3897 1139 3949 deien-

97 3973 204 4024 lntitissn
216 3983 241 4024 et
253 3974 350 4026 lusores.
385 3977 441 4026 Toto
457 3979 547 4027 theatro
559 3995 592 4027 so-
642 3978 678 4028 dtr
693 3981 775 4028 Burm.
789 3987 817 4028 ut
829 3978 901 4036 snitu,
915 3977 956 4033 ait,
971 3983 1041 4024 vento
1054 3971 1137 4022 ferenti

96 4058 163 4098 ms.
178 4047 239 4098 Tota
248 4049 342 4099 theatra
350 4060 468 4108 resonent,
478 4067 552 4116 quum
563 4051 593 4100 de
643 4052 752 4102 addimus
762 4067 861 4108 remum.
871 4051 906 4100 sio
916 4049 950 4098 nil
962 4055 1031 4097 nooet
1042 4059 1137 4095 curres-

96 4120 277 4186 illistngoedio
288 4123 423 4189 compositus
431 4124 568 4174 recitantur.
642 4135 690 4176 tem
709 4135 734 4176 et
751 4126 877 4176 admissum
900 4137 987 4188 equom
1006 4119 1138 4170 messibus

130 4195 170 4244 ³2
182 4196 236 4246 Nos
246 4201 292 4246 orit
302 4198 394 4262 surdo]
407 4197 529 4264 Intelliget
538 4214 591 4264 grs-
641 4199 771 4251 stimulare.
810 4199 863 4249 Nee
884 4195 1014 4246 desultores
1034 4189 1138 4244 mestis

97 4267 220 4321 titudinem
231 4287 317 4330 mesra,
327 4280 368 4322 sut
376 4273 494 4338 intelhget
504 4289 529 4323 ss
540 4273 592 4323 lau·
642 4273 775 4333 addebam
792 4273 834 4322 sed
849 4270 918 4321 nudis
927 4267 994 4334 equis
1004 4266 1138 4316 insistentes

740 4348 812 4396 Era
