2974 5100
272 399 342 466 EX
364 399 525 467 ΡΟΝἾῸ
549 401 639 467 nin.
665 401 714 468 11.
739 403 883 472 EPIST.
907 405 956 473 ΙΙ.
1064 407 1129 476 401

401 689 726 765 EPISTOLA
762 692 816 768 11.

455 890 770 958 MESSALLINO.

91 1038 188 1114 lene
207 1041 344 1114 domus
360 1052 493 1116 vestroe
508 1044 636 1142 primis
650 1057 844 1122 venerator
861 1051 909 1123 ab
926 1052 1044 1139 annio,

137 1155 280 1230 Pulsus
298 1157 346 1230 ed
364 1155 502 1232 Euxini
521 1159 625 1235 Naso
642 1162 792 1238 sinistra
806 1165 903 1253 freti,

90 1271 211 1348 Mittit
227 1273 278 1347 ab
296 1273 484 1349 indomitis
500 1276 608 1364 hano,
629 1277 858 1368 Messalline,
877 1281 1048 1369 salutem,

138 1387 266 1472 Quam
281 1389 411 1464 solitus
429 1415 593 1490 praesens
610 1405 668 1469 est
685 1395 753 1469 tibi
768 1396 874 1484 ferre,
890 1397 1012 1473 Getis.

88 1502 175 1578 Heu
193 1504 300 1590 mihi,
319 1504 350 1578 si
368 1506 465 1582 lecto
478 1509 604 1583 vultus
622 1510 689 1584 tibi
706 1511 855 1586 nornine
872 1537 946 1588 non
964 1524 1033 1600 eet,
1099 1517 1122 1588 5

137 1618 215 1705 Qui
233 1619 315 1708 fuit,
335 1631 374 1696 et
390 1623 541 1700 dubitas
559 1636 696 1701 caetera
710 1627 922 1727 perlegere!

89 1733 263 1833 Perlege,
281 1761 351 1812 nec
369 1762 516 1814 meeum
533 1743 672 1841 pariter
689 1767 773 1818 mea
789 1745 901 1819 verba
917 1745 1064 1840 relege:

137 1851 245 1926 Urbe
263 1852 352 1928 licet
366 1867 491 1931 vestra
504 1859 673 1933 versibus
687 1884 771 1936 esse
787 1861 893 1935 meis,

89 1967 176 2041 Non
194 1991 266 2064 ego
282 1971 451 2069 concepi,
467 1973 499 2046 si
517 1970 650 2049 Pelion
668 1974 768 2050 Ossa
781 1977 941 2062 tulisset,

137 2082 254 2158 Clara
270 2108 356 2159 mea
371 2086 474 2184 tangi
491 2088 614 2164 sidera
629 2116 741 2189 posse
759 2116 884 2166 manu.
1077 2094 1121 2163 10

88 2199 170 2274 Nec
188 2223 272 2286 nos,
292 2198 472 2276 Enceladi
490 2203 679 2280 dementia
695 2217 818 2281 eastre
834 2207 966 2292 secuti,

136 2313 182 2388 ln
200 2339 326 2390 rerum
338 2316 508 2392 dominos
526 2319 706 2394 movimus
724 2345 827 2394 arma
845 2321 959 2395 Deos.

89 2429 183 2518 Neo,
199 2431 304 2529 quod
320 2431 477 2530 Tydidoe
495 2436 691 2510 temeraria
706 2436 862 2510 dextera
879 2434 980 2522 iecit,

136 2546 306 2621 Numina
322 2559 410 2623 sunt
425 2549 510 2624 telis
527 2551 603 2626 ulla
615 2550 735 2651 petite
751 2550 856 2628 meis.

119 2835 142 2881 ¹2.
156 2832 242 2881 Potens
255 2834 287 2883 ad
302 2833 394 2882 deintra
406 2832 514 2904 Eneiet]
532 2833 580 2884 Re-
631 2835 718 2894 civilio.
728 2843 753 2885 et
769 2850 811 2901 per
825 2835 925 2901 primum
942 2833 1002 2882 iliud
1016 2831 1122 2882 indicere

86 2905 178 2970 legatus
188 2905 214 2954 in
223 2905 324 2955 Pontice
334 2904 435 2970 regione,
442 2924 496 2973 que
505 2909 582 2974 ingre-
630 2909 721 2958 belim
735 2917 815 2958 contre
826 2909 926 2957 Brutum
941 2915 966 2958 et
977 2905 1085 2956 Caeeinm
1097 2905 1122 2954 iu

86 2979 206 3030 dientibue
216 2977 241 3027 iu
251 2987 319 3045 perte
329 2979 422 3029 einietre
432 2981 540 3046 adparet.
630 2983 787 3044 Menedonin;
802 2997 844 3049 per
857 2981 1013 3038 Enodedum,
1024 2981 1123 3032 sutum

117 3056 141 3104 8.
160 3053 246 3117 Licen]
264 3052 328 3111 Quin
344 3053 363 3102 ei
377 3063 446 3120 poete
459 3064 495 3104 eet
506 3057 582 3114 exsul,
631 3056 778 3124 Pompeium,
789 3071 891 3120 quocum
906 3054 932 3104 in
943 3053 1025 3104 Sicilie
1038 3061 1063 3102 et
1072 3055 1122 3103 Cu-

87 3129 137 3193 ejue
152 3127 260 3177 earmina
275 3143 323 3176 non
339 3135 394 3177 eunt
409 3129 513 3194 relegrne
526 3144 581 3180 enm
631 3147 702 3182 mene
708 3131 892 3181 oredimieetum
898 3129 998 3189 eet;eub
1005 3127 1122 3177 Diomede

86 3202 135 3260 iilo,
146 3211 172 3252 et
185 3201 276 3267 ingenii
293 3201 366 3252 toetne
381 3217 453 3268 poenn
465 3203 582 3269 scripeorie
631 3213 710 3254 nutem
729 3204 805 3268 Tydei
823 3203 880 3260 tilio,
901 3202 999 3268 (undeni
1020 3209 1045 3251 et
1069 3201 1122 3253 forti

86 3277 167 3342 nequit
177 3276 303 3341 attingere.
630 3278 701 3328 heroe
710 3279 736 3329 in
745 3278 808 3328 bello
817 3277 1087 3352 Ttojeuo,quiMnrtem
1097 3285 1123 3326 et

117 3351 143 3399 9.
156 3350 210 3398 Neu
220 3366 262 3414 ege
271 3349 381 3414 moeni-1
400 3351 443 3400 Eut
452 3349 523 3400 ordo:
534 3367 580 3402 non
630 3352 747 3403 Venerem
761 3367 803 3419 pru
813 3351 918 3418 Tiojuuie
927 3359 1060 3419 pugnante·
1070 3352 1122 3400 vul·

85 3439 130 3488 ego
141 3421 241 3488 eoueepi
256 3422 324 3471 ciere
339 3421 415 3474 nidere
433 3439 500 3489 pone
514 3424 581 3489 uugi
630 3426 732 3490 nenvir)
749 3425 845 3476 innuere
856 3427 896 3475 M.
912 3425 1051 3482 Antonium,
1065 3424 1125 3474 belli

86 3512 138 3546 mee
157 3511 239 3553 menn,
255 3495 276 3544 ei
293 3495 355 3545 Oeen
375 3495 467 3546 tulieeet
480 3497 580 3560 Pelioo;
630 3499 731 3567 peritum
745 3501 839 3558 ducem,
849 3507 874 3549 et
889 3515 992 3566 quonum
1000 3499 1123 3564 depugne-

86 3571 130 3620 hoo
141 3579 185 3628 eet,
190 3571 212 3620 ei
222 3569 358 3619 Oeenmom
368 3569 488 3622 hebuieeet
496 3569 581 3622 Polion
629 3583 680 3624 tum
694 3584 731 3624 eet
746 3574 809 3625 circe
823 3573 905 3624 eedem
916 3574 982 3640 Epiri
993 3583 1017 3624 et
1025 3573 1123 3624 AEeolie

86 3643 412 3711 mont-euperimpon'tum.
629 3645 892 3714 littore,ubiquondem
900 3648 1028 3699 Diomeden
1038 3663 1123 3712 regnu-

120 3720 158 3768 10.
178 3719 244 3768 Pone
272 3719 358 3784 tongi]
391 3719 462 3769 Poene
488 3717 580 3778 violari,
629 3730 703 3772 reret.
729 3721 795 3770 Veli.
809 3721 837 3770 ii.
850 3722 882 3771 7³
899 3730 924 3771 et
941 3724 982 3772 84.
1014 3720 1124 3771 Indicae

86 3793 286 3857 quemadmodum
296 3793 391 3843 uoluere
401 3791 526 3857 aigum.
630 3791 701 3859 igitur
710 3794 804 3846 videtur
812 3805 891 3862 poete,
902 3813 928 3846 ee
941 3808 1018 3862 neque
1031 3794 1123 3861 Philip·

121 3869 160 3916 ii.
177 3867 227 3917 Nee
241 3883 281 3916 noe
298 3867 430 3930 Emoddi]
447 3866 582 3918 Enceledue
629 3867 696 3934 penei
713 3870 785 3928 bello,
806 3885 883 3935 neque
902 3869 1028 3924 Siciliensi,
1045 3881 1121 3932 neque

86 3941 162 3992 Terra
172 3941 236 3991 filine
245 3941 304 3992 init:
315 3957 387 4007 quem
394 3940 492 3992 fulmine
498 3941 579 3998 ictum,
630 3941 812 4000 detinentem
821 3943 932 3993 edvereue
941 3943 1074 4006 Augentum
1084 3947 1122 3990 tu·

88 4015 214 4081 AEtnmque
233 4013 379 4082 enbpou'tnm
398 4014 479 4064 ecribit
495 4013 581 4080 virgil.
629 4013 694 4064 line.
716 4015 806 4067 Confer
820 4015 891 4066 Triet.
902 4013 936 4063 iii.
950 4017 974 4064 d.
984 4015 1025 4062 4⁵.
1057 4011 1121 4060 Mihi

87 4087 376 4138 inhonestatem&
629 4088 726 4154 quidem
749 4090 788 4140 uel
806 4090 959 4155 Verpoorten,
980 4085 1017 4135 uei
1043 4084 1122 4149 potine

122 4162 159 4210 12.
170 4161 279 4226 Rerum]
289 4161 458 4228 Veepuortenio
467 4159 580 4212 adludere
629 4163 696 4212 Nero
716 4163 811 4228 ingenio
837 4165 1018 4229 intempernnter
1034 4159 1122 4210 ubuum

89 4233 180 4282 ridetur
198 4243 268 4300 poete
283 4233 314 4284 ed
330 4234 377 4285 trie
392 4234 496 4300 Augneti
515 4233 580 4284 belin
630 4235 729 4286 videtur.
755 4237 867 4287 linem.

121 4307 240 4358 VOLH.
725 4308 778 4358 Do
