3064 5104
303 263 346 328 54
596 257 635 334 P,
661 255 823 322 OVIDII
848 255 1064 325 NASONIS

306 435 480 510 Annulus
499 440 542 505 ut
558 431 636 518 fiat,
655 431 777 529 primo
793 429 982 506 colliditur
1000 453 1155 509 eurum:

359 547 464 636 Quas
483 546 612 646 geritis
629 558 767 631 vestes,
787 544 940 619 sordida
956 546 1042 620 lana
1059 545 1141 619 fuit.

309 667 409 764 Cum
427 665 545 751 fieret,
565 663 663 766 lapis
682 685 793 761 asper
811 672 913 751 erat3
943 686 1043 736 nunc
1062 661 1187 738 nobile
1205 662 1357 760 signum

359 781 475 856 Nuda
491 779 623 855 Venus
641 779 813 853 madidas
832 778 1012 878 exprimit
1028 777 1149 854 imbre
1166 802 1310 854 comas.

309 895 369 973 Tu
387 921 542 997 quoque
559 897 650 970 dum
668 895 816 983 coleris,
835 906 960 970 noste
978 894 1141 970 dormire
1160 905 1361 994 putemus;

269 1067 274 1074 ·
357 1013 497 1112 Aptius
516 1035 539 1087 a
556 1012 704 1088 summa
721 1011 955 1109 conspiciare
972 1033 1100 1084 manu.
1117 1062 1120 1073 -
1288 1015 1363 1084 226

311 1131 392 1204 Cur
409 1128 501 1202 mihi
519 1139 609 1204 nota
626 1137 691 1203 tuo
710 1151 846 1202 caussa
863 1138 922 1202 est
938 1127 1112 1204 candoris
1130 1126 1170 1200 in
1186 1126 1279 1201 orel

360 1245 507 1319 Claude
524 1244 642 1319 forem
659 1244 829 1332 thalami,
848 1244 941 1342 quid
960 1243 1053 1342 rude
1071 1243 1199 1344 prodis
1217 1243 1344 1344 opust

312 1358 439 1436 Multa
455 1361 554 1436 viros
572 1359 718 1435 nescire
736 1360 860 1436 decet.
888 1383 977 1461 pars
994 1359 1161 1436 maxima
1176 1383 1302 1435 rerum

362 1475 556 1563 Offendat,
568 1475 608 1582 'si
626 1501 701 1550 non
719 1476 897 1552 interiora
912 1488 1034 1576 tegas.
1290 1479 1366 1548 230

311 1592 439 1668 Aurea
455 1617 542 1690 quae
560 1594 728 1694 pendent
745 1606 876 1670 ornato
892 1594 1000 1695 signa
1016 1593 1185 1682 theatro;

362 1709 528 1810 Inspice,
549 1733 665 1808 quam
682 1711 806 1789 tenuis
823 1713 980 1788 bractea
996 1710 1100 1812 ligna
1114 1718 1232 1808 tegat.

313 1824 392 1903 Sed
409 1849 535 1928 neque
554 1824 603 1899 ad
620 1823 685 1900 illa
702 1825 791 1902 licet
808 1825 961 1926 populo,
981 1826 1053 1900 nisi
1070 1824 1182 1911 facta,
1201 1822 1355 1900 venire:

365 1939 446 2018 Nec
464 1941 535 2014 nisi
554 1941 739 2018 submotis
757 1942 877 2018 forma
894 1942 1064 2044 paranda
1079 1943 1180 2017 viris.
1262 2033 1271 2040 ἱ

312 2055 366 2130 At
383 2079 460 2130 non
468 2056 682 2161 pectendos
700 2081 829 2160 copam
845 2058 1202 2162 preparecppillos,
1290 2059 1365 2130 235

359 2171 414 2245 Ut
425 2174 580 2270 jaceant
594 2173 668 2270 ¹fusi
686 2199 754 2276 pap
770 2187 838 2278 pue
853 2187 973 2278 terga,
992 2187 1130 2278 vetem.

311 2534 375 2585 Vide
386 2533 480 2602 quoque
492 2535 584 2588 Ancon.
595 2537 678 2606 Epigr.
689 2538 740 2590 lvii.
864 2547 956 2590 notum.
975 2529 1081 2590 ceterum
1091 2537 1131 2588 hic
1142 2539 1190 2588 eolo
1201 2537 1276 2586 Venus
1291 2533 1368 2585 male·

344 2609 403 2660 224.
423 2611 495 2660 Nudo
508 2611 814 2678 Venmmodidmetprimit
864 2611 906 2662 bat
916 2611 1041 2662 Francius.
1075 2613 1166 2660 Bnurr.
1291 2615 1295 2622 '
1376 2649 1381 2656 .

310 2687 382 2735 imbre
399 2685 495 2750 comm]
522 2686 624 2740 Videtur
645 2689 676 2738 ed
695 2689 821 2742 Venerem.
896 2687 955 2741 ael.
974 2687 1031 2742 Qut
1045 2685 1169 2749 marne]
1193 2684 1264 2738 Forte
1279 2680 1368 2735 meliti!

311 2758 426 2816 alludere,
447 2775 521 2824 quam
542 2759 717 2827 ἀναδωμένην
734 2761 814 2811 Greci
864 2761 991 2826 legeretur,
1004 2759 1197 2830 vicedomnum.
1212 2759 1229 2808 i.
1240 2758 1323 2806 Amor.
1339 2773 1367 2806 x.

311 2841 406 2882 vocant.
423 2833 488 2898 quod
500 2833 609 2884 videatur
625 2835 708 2884 similis
725 2851 739 2884 e
756 2835 815 2884 mari
865 2834 1171 2885 tucianensem.

311 2907 418 2964 exeunti,
431 2907 510 2972 qualis
523 2923 538 2956 e
553 2909 635 2958 multis
650 2907 780 2958 artificibus
790 2917 816 2958 et
898 2909 1122 2972 mendosum
1128 2921 1242 2972 squamata
1247 2905 1369 2968 pellepdo·

314 2979 380 3044 picta
398 2987 424 3029 et
444 2979 538 3045 sculpta
556 2980 610 3038 tuit,
630 2989 657 3030 ut
678 2981 743 3046 apud
764 2981 814 3030 Pli-
932 2991 1009 3031 retrae.

315 3051 381 3100 nium
395 3051 475 3102 videre
490 3061 536 3102 est.
557 3055 656 3104 Mrcrn.
681 3053 768 3103 Noster
785 3055 816 3103 ed
867 3054 915 3104 Ubi
927 3065 951 3104 et
959 3058 1060 3118 pendent
1071 3053 1120 3102 alii.
1153 3042 1256 3101 Bunrr.'

315 3123 424 3174 Statuam
435 3125 542 3191 aliquam
556 3125 639 3176 Romae
651 3127 769 3176 celebrem
780 3143 816 3176 re·
898 3130 957 3179 232.
974 3131 1050 3186 Quom
1064 3130 1139 3177 tenuis
1151 3129 1241 3176 troclea
1258 3127 1323 3192 liguo
1334 3135 1369 3174 te·

317 3197 398 3264 spicit,
414 3207 440 3248 et
450 3215 498 3265 quo
511 3201 583 3250 etiam
597 3200 679 3251 adludi
691 3201 748 3250 infr.
760 3203 816 3252 101.
865 3203 929 3269 gut]
957 3203 1029 3270 Tegat
1046 3204 1097 3270 jam
1116 3201 1236 3270 precessit
1254 3199 1368 3268 superiori

316 3287 364 3320 nou
381 3279 463 3320 tamen
482 3271 558 3331 illam,
578 3289 650 3340 quam
671 3275 775 3332 Merula,
792 3285 817 3325 et
866 3285 1021 3342 pentametro.
1039 3275 1276 3343 tigatrunesiauus.
1305 3273 1369 3324 Scri·

316 3359 372 3394 eum
388 3354 484 3395 secutor
499 3344 550 3396 sine
565 3347 615 3398 ullo
630 3349 739 3416 examine
752 3349 817 3399 Cris-
866 3351 906 3409 bo,
914 3351 982 3400 linat.
995 3359 1023 3400 ut
1030 3348 1368 3400 alludstmudderivationem

314 3419 393 3484 pinus,
410 3433 441 3468 ex
455 3417 534 3470 Plinio
550 3420 617 3472 innui
634 3417 744 3480 credunt,
762 3439 816 3489 qun
868 3425 941 3474 vocis.
958 3427 1049 3474 iroeteo
1062 3424 1125 3475 enim
1142 3439 1184 3474 seu
1199 3421 1301 3490 βρέκτια
1315 3421 1369 3473 ἀπὸ

315 3492 341 3542 in
360 3489 429 3543 Bruti
446 3493 548 3544 Callaici
565 3497 654 3562 templo
671 3497 715 3547 luit
732 3497 816 3564 podta,
867 3501 912 3548 τοῦ
936 3497 1036 3565 βρίχειν
1061 3497 1195 3556 deducitur,
1223 3513 1239 3548 a
1263 3496 1370 3547 linenda.

315 3583 389 3633 quern
403 3567 565 3619 Praxiteleam
579 3570 680 3622 faciunt.
697 3588 752 3623 cum
767 3574 816 3624 Pli-
867 3574 932 3624 Hinc
941 3575 1071 3631 lractmrii,
1086 3572 1261 3640 πεταλοὺργοι.
1272 3581 1296 3621 et
1305 3574 1371 3621 broc-

317 3640 379 3699 nius,
396 3641 440 3690 lib.
461 3642 526 3692 xxvi.
543 3659 598 3712 cap.
621 3649 646 3695 5.
666 3646 728 3696 inter
744 3664 817 3714 opera
868 3659 971 3707 tectores,
983 3649 1155 3700 πεταλοποωί.
1182 3649 1313 3713 Eleganter
1324 3648 1370 3697 Ar-

314 3715 397 3780 Scopae
412 3725 542 3775 recenseat,
559 3728 584 3767 ct
598 3719 757 3770 Praxiteleam
774 3739 816 3772 an·
867 3722 1259 3794 nobiaebracteolirsucoridibdv.
1279 3723 1370 3775 Herus.

316 3789 426 3838 tecedere
437 3789 517 3840 dicat:
536 3791 658 3842 hecenim
668 3797 815 3860 propeMar-
899 3797 958 3846 234,
977 3797 1060 3846 Forum
1073 3797 1203 3860 paranda]
1224 3797 1370 3853 liciniensis,

315 3871 364 3912 tem
376 3863 441 3912 nuda
452 3865 528 3929 posita
539 3881 585 3915 uon
595 3867 639 3917 luit
649 3867 816 3934 α’ναδυομὲνη·
866 3875 961 3933 pianda.
980 3872 1043 3938 qnod
1060 3873 1129 3929 sorte,
1149 3887 1192 3938 pro
1209 3869 1369 3929 concilianda,

316 3953 371 3990 nem
383 3955 430 3988 non
441 3940 520 3988 statim
532 3941 624 4000 Venus,
635 3943 764 3993 utemerrit
775 3961 816 4012 pe-
868 3955 893 3994 ut
909 3950 974 4009 piore
991 3957 1091 3998 monem.
1108 3949 1185 4014 Epist.
1203 3947 1252 3995 xix.
1273 3947 1328 3995 194.
1345 3953 1369 3994 et

314 4010 370 4076 lugo
383 4012 458 4062 Marti
473 4013 517 4064 luit
530 4015 623 4078 juncta.
637 4015 680 4065 sed
697 4031 751 4066 cum
763 4019 814 4084 jara
867 4023 948 4084 {laipno
965 4023 1163 4090 piuresup.160.
1200 4023 1289 4070 Harsa.

313 4085 424 4138 Vulcano
434 4087 476 4138 diu
486 4088 569 4139 fuisset
577 4101 661 4156 nupta,
670 4099 696 4140 ut
705 4091 815 4140 omnibus
