3030 5108
419 361 645 436 nannum
667 357 867 440 nuouu.
1076 339 1079 351 '
1122 360 1168 442 ua

112 535 209 624 Quin
226 541 346 616 etiam
366 542 560 618 accendas
577 543 679 632 vitia,
698 543 897 646 initesque
913 549 1096 642 vctaud03

161 655 417 758 Tempon'bus
436 660 468 734 si
487 683 562 736 nou
580 660 800 760 adgrediare
818 647 909 739 suis.

118 769 226 871 Ergo,
243 777 313 851 ubi
330 779 440 852 visus
458 777 532 853 siis
550 790 687 855 uostrae
705 780 940 856 medicabilis
957 781 1041 870 arti,
1098 785 1168 858 135

166 889 241 968 Fac
261 895 421 970 monitis
439 893 563 993 fugias
579 895 656 972 otia
672 899 794 997 prima
810 898 916 973 meis.

120 1003 224 1096 Haec,
241 1022 284 1086 ut
299 1035 426 1099 ames,
444 1013 607 1090 faciunt:
636 1015 730 1104 haec‚
750 1026 792 1090 ut
808 1014 945 1103 secere,
962 1023 1137 1090 tuentur:

170 1122 263 1201 Iiaec
280 1140 373 1228 sunt
386 1131 546 1227 jucundi
563 1153 700 1204 caussa
716 1131 902 1227 cibusque
919 1129 1021 1204 mali.

123 1240 213 1318 Otia
228 1245 259 1318 si
275 1245 403 1332 tollas,
424 1247 570 1344 periere
589 1247 790 1346 Cupidinis
808 1269 930 1334 arcus,

173 1359 466 1460 Contemtoeque
479 1365 622 1461 jacent,
641 1373 680 1438 et
697 1363 779 1437 siue
795 1362 893 1448 luce,
912 1360 1028 1436 iaces.
1102 1365 1174 1436 140

125 1475 246 1562 Quam
263 1479 445 1576 platanus
461 1480 547 1554 vino
565 1481 718 1577 gaudet,
738 1503 853 1580 quam
868 1478 1031 1578 populus
1049 1477 1166 1568 unda,

176 1590 224 1667 Et
240 1618 357 1692 quam
375 1595 512 1668 limosa
529 1619 651 1672 canna
667 1595 845 1695 palustris
863 1594 998 1682 hum0;
1172 1580 1175 1588 ’

128 1706 217 1782 Tam
234 1708 367 1784 Venus
386 1710 466 1784 otia
482 1722 597 1786 amat.
625 1711 691 1810 qui
704 1711 819 1786 finem
837 1709 975 1809 quaeris
993 1702 1142 1798 amoris,

175 1824 308 1921 (Cedit
325 1847 435 1900 amor
452 1825 583 1920 rebus)
600 1849 660 1900 res
678 1851 771 1924 age:
801 1835 904 1900 tutus
923 1825 1010 1900 eris.

133 1937 324 2038 Languor,
335 1952 377 2016 et
393 1941 586 2017 immodici
605 1944 684 2018 sub*
695 1941 798 2016 nullo
814 1941 963 2016 vindice
981 1941 1116 2029 somni,

177 2055 364 2156 Aleaque,
383 2068 426 2133 et
442 2059 560 2132 multo
577 2067 749 2155 tempora
766 2080 906 2155 quassa
923 2073 1039 2144 mero,
1109 2059 1180 2130 146

135 2168 306 2272 Eripiunt
322 2195 458 2248 omnes
477 2173 612 2249 animis
630 2173 711 2247 siue
724 2174 878 2249 vulnere
896 2197 1042 2260 nervos,

181 2287 327 2366 Adfluit
344 2289 509 2366 incautis
527 2287 730 2362 insidiosus
747 2288 876 2364 Amor.

140 2403 328 2482 Desidiam
347 2431 445 2507 puer
462 2407 525 2482 ille
542 2405 650 2503 sequi
669 2405 778 2480 solet.
806 2393 887 2478 odit
904 2415 1073 2502 agentes,

183 2520 243 2596 Da
259 2547 393 2600 vacuae
412 2521 540 2610 menti,
561 2543 638 2620 quo
655 2529 838 2608 teneatur,
858 2544 968 2619 opus.
1115 2521 1186 2592 150

138 2807 179 2853 est.
190 2813 289 2864 sisque
300 2815 327 2850 se
343 2798 376 2849 sd
392 2799 504 2865 temporis
517 2799 639 2866 oportuni·
685 2801 738 2865 jam
753 2795 855 2848 restituit
869 2794 1034 2845 exactissimus
1049 2791 1192 2852 Gmncvius,

139 2881 207 2922 tatem
226 2873 358 2940 componit.
385 2872 422 2922 sic
444 2873 555 2938 Tmpurts
575 2891 641 2924 am
689 2873 731 2938 qui
752 2870 870 2921 videndus
889 2867 1089 2920 observationum
1110 2866 1193 2918 tini.
1282 2905 1284 2910 -

140 2945 196 2996 dixit
204 2947 276 2996 Triet.
286 2947 320 2998 iv.
331 2947 373 2995 ai.
384 2945 430 2996 ult.
689 2963 744 3013 cap.
757 2963 781 2996 v.
799 2945 885 3011 Neque
897 2943 966 2993 aliter
980 2943 1063 2992 Duum
1074 2939 1193 2992 divinust

170 3019 268 3070 insciitd'
275 3023 325 3083 cepi
337 3022 609 3083 tenspoeissmcmsau.
690 3021 715 3071 in
730 3035 771 3070 ora
786 3018 877 3070 codicis
886 3017 940 3068 saiz
957 3015 1193 3082 hincpiatcnussgs·

140 3095 217 3170 Arma,
227 3095 259 3146 ed
270 3111 325 3162 qun
336 3093 458 3160 espiends
472 3095 584 3160 temporis
598 3110 640 3144 ne·
690 3097 775 3145 satutem
785 3095 873 3144 Nomen
880 3091 941 3143 dicit
950 3092 1012 3141 Met.
1020 3107 1044 3138 x.
1051 3089 1092 3140 9⁶.
1104 3087 1194 3140 Hunc

138 3165 245 3220 'cessitate
266 3169 443 3236 compellebat.
487 3169 535 3220 Ubi
558 3169 644 3218 frustm
726 3171 780 3220 145.
798 3169 845 3216 Sub
861 3169 927 3216 nullo
938 3167 1028 3216 vindice
1037 3163 1132 3228 somni]
1148 3161 1195 3212 Ju-

142 3243 174 3293 vir
187 3245 305 3294 maximus
324 3253 378 3292 tun
389 3245 458 3306 prius
470 3243 571 3310 reponit.
581 3243 616 3292 sic
627 3242 644 3292 i.
692 3245 742 3292 dies
767 3240 884 3292 editiones
910 3239 1014 3304 antique
1041 3243 1067 3288 et
1085 3235 1194 3303 plenique

143 3317 192 3370 Art.
202 3321 259 3370 ³57.
693 3313 830 3383 scripti.sed
841 3311 1003 3380 perperamii.
1008 3310 1091 3360 Amor.
1099 3311 1149 3361 xix.
1154 3311 1196 3362 4⁵.

173 3393 257 3444 Medici
266 3409 358 3460 qunque
367 3402 467 3455 tempora
476 3403 577 3442 servant.
728 3389 779 3440 Nus
795 3389 852 3436 mitt
866 3389 907 3437 sub
921 3387 987 3456 quib
1005 3385 1095 3434 uindice
1110 3397 1197 3450 sssipse

143 3463 647 3535 DemcesereeidsdEpistasiiidd.
791 3463 845 3512 erit.
911 3509 914 3520 ,

144 3541 228 3592 Hesus.
696 3537 726 3588 In
742 3535 933 3601 Csutsbrigiensi
947 3544 973 3585 et
987 3533 1034 3583 aiio
1049 3541 1109 3590 erat,
1119 3535 1197 3582 iusso·

175 3619 228 3667 tat.
246 3617 313 3676 Hes,
329 3626 360 3665 ut
369 3613 461 3681 secere,
478 3611 596 3676 tumtun]
615 3611 646 3660 In
695 3613 742 3662 dici
760 3619 862 3676 tangunt
885 3609 1012 3672 nantia
1031 3615 1112 3666 mass.
1133 3603 1199 3670 qnod

144 3692 268 3750 nonnullis,
278 3689 490 3756 tesquadsscsrs.
507 3689 595 3740 Nsuo.
614 3685 647 3735 Ut
695 3684 822 3751 repetitum
834 3699 863 3734 ex
874 3697 935 3732 vern.
945 3681 986 3730 79.
1001 3688 1030 3729 ut
1046 3693 1109 3744 sape
1125 3677 1198 3728 libes·

138 3767 212 3831 secere
228 3767 313 3817 iidem.
329 3765 378 3814 hoc
397 3772 443 3820 est,
457 3763 507 3821 ubi,
521 3771 647 3829 postquem
696 3760 742 3810 rios
752 3757 836 3808 iecisse
846 3755 1053 3822 deprehendimus.
1086 3753 1178 3802 Busa.

145 3842 225 3899 iecere,
236 3849 279 3892 sut
293 3837 501 3908 quemadmodum
516 3837 603 3893 secere,
614 3833 649 3884 its
732 3834 786 3882 lta.
803 3829 915 3898 Adfluit]
933 3826 1027 3894 Viginti
1045 3823 1093 3876 duo
1110 3824 1201 3892 scripti,

144 3925 168 3964 et
186 3925 289 3966 tuentur.
330 3908 410 3960 Multi
431 3909 481 3968 dii,
497 3925 546 3973 quc
559 3909 649 3975 seem.
698 3908 784 3974 adficit.
801 3904 844 3956 sed
853 3905 947 3954 irusus.
963 3901 1061 3965 elegsns
1073 3898 1137 3949 enim
1148 3913 1201 3949 ver·

145 3989 232 4042 unus.
249 3989 299 4038 vid.
311 3985 345 4036 nd
357 3983 435 4050 Epist.
444 3983 477 4033 iv.
487 3985 528 4034 25.
698 3983 756 4032 bum
773 3981 869 4029 minime
886 3976 1038 4028 movendum.
1051 3973 1087 4022 sic
1102 3981 1128 4023 et
1137 3971 1202 4037 spad

177 4066 230 4114 141.
248 4065 327 4119 Quam
345 4061 458 4123 platanus
476 4061 525 4108 rivo
537 4057 647 4123 gaudet]
699 4045 1202 4122 virgitiuntib.x.ffinetd.14uunt88.

145 4137 208 4188 new
217 4147 265 4190 tres
275 4134 372 4202 scripti.
384 4131 429 4181 sed
439 4131 530 4198 Regius
540 4141 566 4182 et
575 4129 651 4182 Scali-
698 4129 829 4196 legendum
840 4125 901 4176 inite

145 4212 313 4278 geriexcerpsa
324 4207 427 4274 optime,
436 4207 495 4256 vinc.
528 4205 610 4270 Atque
618 4203 652 4254 its
768 4203 860 4267 Adfluit
870 4211 893 4249 st
909 4197 1050 4250 Mnestheus.
