2974 5100
281 375 521 444 ralsrluu
546 373 636 441 LIB.
661 375 703 440 V.
728 372 860 442 ELEG.
888 375 971 440 VII.
1088 363 1156 441 32⁴⁷

103 549 170 625 His
188 551 256 650 qui
274 561 481 626 contentus
500 575 575 624 non
594 559 665 636 eat,
685 549 830 623 inlitus
849 571 994 634 arenas,

147 665 191 740 ln
209 679 388 765 segetem
407 667 543 766 spicas,
563 669 601 740 in
620 689 722 742 mare
739 667 874 742 fundat
891 688 1024 766 aquas.

102 781 401 883 Intempestivos
419 785 533 882 igitur
550 807 754 884 compesce
772 784 939 870 timores,
1107 787 1155 858 45

146 897 242 976 Vela
260 925 336 976 nec
356 901 395 974 in
415 902 539 976 medio
557 903 691 978 desere
710 913 838 976 nostra
856 901 961 976 mari.

444 1399 693 1476 ELEGIA
730 1403 820 1478 Vll.

102 1607 229 1695 Quina
250 1609 366 1706 legis,
387 1628 436 1680 ex
454 1607 519 1679 illa
536 1606 605 1679 tibi
624 1605 725 1679 venit
743 1606 904 1705 epistola
922 1619 1031 1696 terra,

147 1724 266 1799 Latus
286 1724 355 1798 ubi
373 1722 559 1820 aequoreis
578 1721 729 1796 additur
747 1721 846 1798 Ister
862 1726 996 1823 aquis:

103 1841 140 1916 Si
159 1843 229 1917 tibi
248 1839 442 1936 contingit
459 1863 547 1913 cum
565 1838 667 1913 dulci
684 1839 761 1914 vita
779 1841 913 1931 salute,

149 1958 334 2034 Candida
352 1955 512 2032 sortunae
530 1979 618 2055 pars
636 1967 765 2030 manet
782 1981 857 2032 una
870 1981 978 2032 meae.

104 2070 273 2163 Scilicet,
288 2085 333 2147 ut
352 2095 515 2171 semper,
531 2071 624 2170 quid
642 2095 765 2168 agam,
780 2074 986 2161 carissime,
999 2077 1159 2174 quaeris,

150 2190 343 2277 Quamvis
359 2189 430 2262 hoc
446 2188 506 2262 vel
524 2211 584 2263 me
601 2189 698 2262 scire
717 2199 867 2264 tacente
884 2201 1007 2290 potes.
1137 2197 1160 2267 6

104 2307 194 2382 Sum
204 2307 328 2382 miser
341 2331 350 2380 ε
364 2305 447 2379 haec
459 2306 584 2380 brevis
595 2316 655 2381 est
664 2317 876 2380 nostrorum
887 2331 1035 2382 summa
1044 2311 1160 2384 malo-

149 2424 344 2522 Quisquis
363 2431 404 2496 et
420 2421 565 2497 offenso
585 2423 738 2497 Caesare
756 2423 867 2510 vivet,
887 2423 971 2498 erit.
1038 2427 1159 2521 [rumz

102 2539 227 2614 Turba
239 2539 458 2614 Tomitanae
477 2563 563 2638 quae
583 2540 633 2613 sit
650 2541 827 2636 regionis,
847 2549 887 2615 et
904 2542 1001 2617 inter

148 2655 257 2741 Quos
277 2653 451 2728 habitem
470 2677 606 2742 mores,
622 2655 769 2732 discere
787 2681 878 2731 cura
894 2657 963 2731 tibi
982 2659 1066 2732 est?
1115 2663 1160 2733 10

101 2769 218 2846 Mista
233 2771 290 2844 sit
308 2769 393 2842 haec
412 2770 586 2868 quamvis
604 2772 702 2845 inter
720 2771 935 2871 Graiosque
950 2774 1160 2874 Getasque,

148 2888 183 2961 A
201 2889 311 2963 male
330 2887 480 2984 pacatis
498 2887 584 2985 plus
602 2889 718 2962 trahit
735 2913 800 2963 ora
818 2889 950 2996 Getis..

102 3003 331 3081 Sarmaticae
352 3003 471 3101 major
489 3003 713 3104 Geticaeque
730 3003 946 3103 frequentia
963 3005 1085 3102 gentis

148 3120 226 3197 Per
245 3118 398 3196 medias
416 3119 455 3193 in
473 3121 582 3219 equis
601 3121 706 3219 itque
726 3122 900 3220 reditque
918 3121 1018 3194 vias:

101 3235 143 3310 ln
157 3237 307 3336 quibus
321 3246 383 3310 est
396 3260 518 3324 nemo,
532 3237 599 3336 qui
613 3262 687 3311 non
701 3249 872 3337 coryton,
885 3247 925 3312 et
940 3260 1083 3322 arcum,
1117 3241 1161 3310 15

149 3353 332 3454 Telaque
351 3353 501 3453 vipereo
520 3355 643 3429 lurida
660 3353 748 3430 selle
767 3364 884 3452 gerat.

100 3570 175 3636 leptin
195 3569 235 3620 ita
252 3569 395 3619 scribebant
413 3577 520 3620 veteres:
538 3579 562 3621 et
577 3565 614 3620 its
665 3571 943 3638 quisquesmmjacuiia.
967 3569 1080 3618 Harum.

102 3653 165 3694 reeta
176 3644 265 3711 prims
277 3643 337 3693 edd.
349 3651 374 3692 ct
390 3643 460 3692 multi
471 3659 501 3694 m
512 3644 614 3711 scriptis.
697 3649 721 3694 2.
731 3645 791 3696 Ister
800 3646 901 3709 aditae]
916 3643 964 3693 Sed
977 3659 1052 3709 quum
1062 3645 1122 3693 later
1133 3645 1166 3692 ibi

101 3719 178 3768 Prtre
196 3719 274 3785 igitur
289 3719 333 3768 alii
348 3718 467 3768 dedemnt
483 3723 614 3770 circumstat
665 3737 690 3769 ne
708 3729 820 3770 exoneret
835 3721 860 3770 in
876 3722 1010 3778 Oceanum,
1027 3721 1056 3767 τὸ
1070 3721 1167 3768 additur

101 3803 141 3845 mt
151 3798 300 3846 circumda.
327 3793 428 3843 Sallust.
437 3795 464 3843 b.
477 3795 549 3844 Catil.
561 3811 615 3862 cap.
666 3793 839 3846 admittendum
850 3791 1122 3854 du1i3Pont.iii.El.v.
1132 3793 1148 3838 2
1158 3807 1163 3834 ι

102 3870 141 3918 43.
155 3869 189 3920 ab
208 3869 265 3920 init.
302 3867 419 3917 lentulus
436 3871 616 3918 camamra-
699 3867 745 3918 Hit
761 3871 801 3918 ubi
820 3870 923 3920 malas
933 3867 1051 3930 jungitur
1068 3862 1167 3912 Itura-

101 3947 287 4002 mutauerant,
308 3944 465 3991 uti-cetera
491 3945 617 3993 multitudo
731 3947 790 4008 qnia.
1043 3937 1134 3986 Hrrrrr.

102 4021 278 4082 conjurationis
303 4033 373 4065 tuum
391 4017 483 4080 quicqua
501 4020 617 4084 negotium
704 4019 741 4066 11.
769 4016 835 4070 Inter
857 4011 1002 4075 Graiosque]
1028 4009 1166 4058 Graecorum

103 4103 282 4157 &querantur
301 4089 345 4140 ubi
365 4088 420 4139 ride
442 4091 557 4150 Cortium,
576 4091 617 4158 qui
668 4091 732 4141 enim
741 4087 994 4141 cnloniaiuit'l'amus.

103 4165 229 4216 mmmode
241 4163 333 4216 laudnt
344 4163 430 4212 Silium
441 4164 495 4213 Ital.
505 4165 552 4215 xri.
562 4165 618 4214 464.
705 4166 743 4214 ld.
760 4161 882 4226 emptam]
901 4159 944 4209 Gr·
952 4155 1061 4222 γωρυῒός
1074 4155 1167 4220 ΡῐθΡῐίθ

106 4237 187 4288 &tera
199 4241 305 4290 contami
317 4236 445 4287 discedent
456 4239 620 4288 turbaduobur
670 4245 705 4286 est
720 4254 788 4287 arcus
801 4236 879 4289 theca,
891 4229 977 4280 dicitur
991 4235 1071 4277 tamen
1088 4235 1113 4275 et
1127 4243 1165 4277 sr-
