3030 5108
415 378 643 454 REMEDIA
664 382 866 452 AMORIS.
1053 377 1063 394 '
1122 385 1167 454 97

110 551 214 634 Nunc
227 557 405 659 leporem
423 559 585 659 pronum
603 559 729 635 catulo
747 569 893 636 secure
910 560 1060 658 sagaci:

57 723 59 726 -
121 681 125 690 '
154 673 188 749 N
191 699 264 750 unc
281 688 355 752 tua
371 675 562 752 frondosis
579 678 675 753 retia
690 677 805 754 tende
817 678 935 777 jugis.

107 789 178 866 Aut
194 793 358 892 pavidos
377 805 479 868 terre
496 792 598 866 veriti
613 792 812 868 formidine
829 817 982 870 cervos:

149 910 226 985 Aut
243 911 364 986 eadat
382 911 543 986 adverse
561 910 721 1010 cuspide
738 910 862 986 fossus
880 935 985 1010 aper.

108 1023 224 1102 Nocte
241 1028 453 1127 fatigatum
471 1029 639 1114 somnus,
658 1051 734 1102 non
751 1051 843 1102 cura
859 1029 1008 1126 puellas,
1085 1031 1160 1104 205

151 1143 331 1246 Excipit;
362 1157 405 1221 et
423 1146 553 1246 pingui
568 1143 742 1224 'membra
760 1145 888 1242 quiete
905 1145 1017 1220 levat.

108 1259 238 1339 Lenius
257 1277 322 1340 est
339 1265 524 1351 studium,
543 1265 712 1339 studium
730 1263 872 1349 tumen,
891 1261 980 1338 alite
998 1266 1125 1362 cepti,

151 1379 227 1455 Aut
243 1383 340 1469 lino,
361 1391 431 1456 aut
448 1379 603 1456 calentis
621 1381 779 1480 praemia
795 1403 911 1478 parva
927 1381 1051 1478 sequi.

106 1491 183 1583 Vel,
203 1521 290 1595 quae
311 1497 434 1597 piscis
453 1498 550 1572 edax
569 1497 678 1572 avido
696 1497 795 1570 male
813 1497 967 1571 devoret
984 1521 1061 1584 ore,

149 1613 305 1689 Abdere
324 1615 515 1713 supremis
534 1637 609 1687 aera
625 1637 782 1687 recurva
794 1613 903 1687 cibis.
1087 1618 1162 1686 210

106 1725 178 1804 Aut
195 1730 269 1817 bis,
289 1743 361 1805 aut
380 1730 476 1817 aliis,
495 1732 617 1806 donec
634 1729 801 1805 dediscis
819 1753 960 1818 amare,

111 1835 116 1848 ’
151 1842 241 1944 Ipse
258 1848 332 1922 tibi
351 1847 482 1921 furtim
499 1847 748 1946 decipiendus
766 1847 853 1922 eris.

105 1958 158 2036 Tu
174 1967 326 2038 tautum
346 1963 374 2051 i,
394 1963 568 2062 quamvis
586 1963 928 2066 firmisretinebere
944 1964 1091 2052 vinclis,

153 2078 170 2153 1
189 2081 339 2180 procul,
361 2091 403 2156 et
418 2080 551 2178 longas
568 2105 724 2182 carpere
743 2106 859 2182 perge
876 2083 969 2157 vias.

108 2192 243 2285 Flebis,
261 2209 306 2273 ut
324 2209 503 2271 occurret
519 2198 680 2272 desertae
699 2201 836 2273 nomen
854 2200 1003 2275 arnicae:
1087 2204 1162 2275 215

155 2313 281 2390 Stabit
298 2313 400 2388 et'in
418 2315 544 2394 medib
563 2339 631 2414 pes
648 2315 717 2391 tibi
735 2340 837 2416 saepe
855 2317 930 2390 vid.

109 2427 180 2505 Sed
198 2440 349 2530 quanto
370 2431 497 2506 minus
516 2432 569 2506 ire
587 2433 703 2519 voles,
723 2433 845 2530 magis
862 2434 916 2507 ire
933 2443 1146 2508 memento:

153 2545 306 2625 Perfer:
336 2558 380 2624 et
396 2548 533 2622 invitos
551 2571 700 2623 currere
718 2563 814 2646 coge
831 2549 962 2647 pedes.

109 2661 186 2739 Nec
205 2665 358 2766 pluvias
375 2663 495 2739 vites:
525 2671 652 2738 necte
671 2665 871 2763 peregrina
887 2673 1079 2740 morentur

155 2781 353 2871 Sabbata3
384 2803 455 2856 nec
474 2781 622 2856 damnis
642 2782 743 2856 Allia
761 2785 852 2855 ncta
869 2780 961 2855 suis.
1093 2785 1167 2855 220

109 2893 187 2973 Nec
205 2909 304 2998 quot
318 2897 528 2985 transieris,
540 2901 716 3000 sed'quot
730 2899 812 2988 tibi,
825 2921 965 2997 quaere,
978 2897 1169 2996 supersint

154 3015 278 3092 Millia
291 3043 299 3093 :
312 3019 316 3028 '
331 3037 419 3104 nec,
438 3041 593 3093 maneas
612 3028 662 3092 ut,
669 3039 801 3119 prope,
820 3017 921 3114 finge
939 3038 1076 3089 morae.

137 3197 193 3246 tor.
219 3197 333 3261 imm
360 3167 484 3265 proieci
511 3199 614 3250 rme.
667 3203 723 3251 arm
738 3201 834 3266 emt]
858 3197 1171 3274 rasaromusestpieu,

108 3283 166 3320 uuus
183 3272 287 3322 Heiusii.
306 3271 476 3335 mleprcnm
490 3284 527 3324 est
542 3275 614 3334 celer,
663 3273 765 3325 diversis
775 3275 876 3330 maculis
884 3284 909 3324 et
917 3271 1155 3324 coloribusdirtincta
1161 3301 1168 3331 2

108 3344 184 3396 velox.
215 3347 308 3398 Rutu.
488 3371 491 3378 ¹
663 3346 699 3400 ita
717 3347 961 3407 firmicus,1ib.viii.
979 3345 1171 3414 eap.ix.ucrict

136 3419 241 3486 δοιαὶ]
269 3421 365 3472 Nescio
391 3437 422 3470 tn
446 3439 519 3486 prom
545 3425 615 3486 lepori
663 3441 733 3473 cacos
743 3423 813 3473 dixit.
846 3425 935 3473 Burru.
965 3425 972 3434 “

109 3495 231 3546 conveniat
253 3499 353 3546 catulus
371 3513 450 3562 sagus,
467 3496 509 3562 qui
530 3498 615 3550 metius
700 3499 758 3546 210.
775 3499 864 3547 Abdere
880 3496 989 3560 suprunis
1006 3511 1054 3543 erc
1073 3511 1171 3544 recurva

108 3569 233 3620 cubantem
250 3571 411 3636 investigere,
426 3587 498 3637 quum
514 3589 615 3639 pronum
664 3571 742 3636 cibis]
761 3571 866 3634 supremi
881 3573 926 3619 cibi
943 3577 1000 3618 sunt
1015 3567 1101 3626 ultimi,
1113 3583 1173 3631 quot

108 3644 290 3710 tect'aripoesit.
306 3661 392 3709 requae
407 3646 493 3696 melius
503 3647 615 3696 convcrri·
665 3647 743 3712 pisces
766 3662 798 3694 ex
825 3647 895 3696 hemo
919 3644 1026 3710 capiunt,
1047 3659 1102 3692 mox
1123 3643 1172 3692 leto
1253 3665 1257 3670 ·

108 3720 202 3776 ret,sed
217 3719 321 3770 offendit
335 3718 423 3769 merito
437 3724 515 3772 catulo
530 3731 616 3771 tecture
665 3719 749 3777 dandi.
760 3730 783 3768 et
795 3735 851 3769 esce
865 3717 955 3770 homiui
965 3716 1048 3766 futuri.
1080 3717 1172 3766 Burri.

107 3797 201 3856 musei.
211 3793 271 3860 quid
282 3795 362 3858 ergoi
378 3795 527 3862 reponerem,
539 3797 616 3845 catulo
699 3796 758 3844 219.
784 3795 912 3862 Peregrina
938 3791 1053 3856 sabbate]
1080 3791 1110 3841 Id
1136 3801 1173 3842 est

106 3877 189 3918 uttan
194 3870 295 3936 fugaci,
303 3867 334 3917 td
347 3876 384 3916 est
399 3869 479 3928 celeri,
490 3869 573 3928 veloci,
585 3869 615 3920 de
666 3868 769 3928 Judnu
796 3883 852 3918 nem
879 3867 1011 3918 iniurium
1033 3865 1173 3916 Judeorum

108 3956 154 4006 quc
168 3942 288 3994 vocabulo
307 3941 366 3992 vide
384 3942 417 3992 ad
432 3943 510 4010 Epist.
527 3945 561 3996 iv.
576 3945 616 3995 40.
668 3941 743 3992 etium
754 3943 876 3994 Romnum
887 3939 1061 3994 hebdomadem
1072 3939 1173 3998 dierum,

108 4015 178 4067 ruem
193 4033 253 4069 vcro
274 4033 365 4068 canem
386 4017 486 4068 undu
503 4018 535 4068 sd
555 4020 617 4070 benc
667 4025 693 4067 ct
708 4016 735 4066 in
749 4017 780 4068 eb
795 4018 912 4084 quosdam
930 4016 991 4073 dies,
1003 4015 1077 4080 prnvb
1095 4013 1191 4078 initu„

106 4089 617 4160 venationemimuutincpegeueosuo
670 4092 744 4149 tione,
755 4093 857 4144 coluisse
867 4093 939 4144 dccet
948 4087 1081 4140 Petitusiu
1101 4089 1179 4155 Leges

107 4168 234 4219 mlta.
269 4167 366 4217 Bm.
669 4165 765 4218 Arum
775 4167 856 4219 'ritulo
866 4168 884 4218 i.
894 4183 919 4234 p.
930 4167 955 4215 4.
989 4163 1079 4212 Buru-

135 4243 193 4296 200.
210 4240 620 4308 Aurmuoeurnurttsomt-
673 4275 674 4278 η

135 4323 211 4375 Vol.
228 4324 267 4374 11.
755 4323 779 4372 11
