2982 5118
349 403 414 470 5oe
646 400 686 466 Ρ.
708 399 871 467 OVIDII
895 400 1106 469 NASONIS

350 577 401 650 Et
417 601 502 651 mea
520 573 633 651 Musa
651 585 789 676 potest,
808 578 959 676 proprio
977 579 1164 676 deprensa
1178 580 1316 664 colare,

363 735 367 746 ·
400 693 564 790 Insignis
581 693 681 766 vitiis
697 693 851 768 forsitan
870 717 955 769 esse
971 695 1063 768 suis.

347 809 442 884 Tam
460 809 559 882 mala
571 807 768 882 Thersiten
785 810 1010 907 prohibebat
1026 809 1146 883 forma
1162 811 1292 898 latere,
1349 815 1390 884 15
1484 895 1485 902 ¹

398 925 521 1010 Quam
539 925 698 1023 pulchra
715 924 854 998 Nireus
872 925 1163 1024 conspiciendus
1182 938 1274 1000 erat.
1484 925 1485 952 *

349 1041 431 1116 Nee
449 1051 488 1114 te
502 1040 639 1125 mirari,
660 1040 692 1112 si
710 1038 787 1112 sint
802 1039 947 1127 vitiosa,
966 1042 1119 1116 decebit

398 1157 588 1244 Carmina,
607 1180 693 1253 quae
710 1156 845 1232 faciam
863 1181 970 1255 paene
988 1169 1101 1257 poeta
1119 1158 1250 1232 Getes.

347 1274 408 1347 Ab
426 1274 562 1372 pudet!
591 1283 631 1346 et
648 1273 784 1346 Getico
803 1273 936 1371 scripsi
954 1297 1128 1348 sermone
1146 1273 1329 1358 libellum,

399 1390 627 1487 Structaque
640 1401 728 1462 sunt
742 1391 878 1463 nostris
891 1391 1176 1466 barbaraverba
1189 1391 1323 1464 modis.
1343 1395 1388 1462 20
1484 1405 1485 1410 ’

348 1505 399 1579 Et
416 1507 554 1605 placui,
574 1517 721 1603 gratare
738 1506 844 1593 mibi,
864 1507 1039 1606 coepique
1057 1517 1179 1606 poetae
1484 1509 1485 1516 ’

398 1620 502 1697 Inter
519 1623 742 1697 inhumanos
760 1646 897 1697 nomen
915 1623 1054 1697 habere
1073 1623 1206 1697 Getas,

347 1736 549 1812 Materiam
566 1738 728 1835 quaerisl
755 1739 884 1812 laudes
902 1739 950 1813 de
969 1739 1121 1814 Oaesare
1137 1739 1241 1813 dixi:

368 1871 371 1882 ·
397 1853 540 1951 Adjuta
556 1866 615 1927 est
632 1854 777 1928 novitas
794 1855 948 1928 numine
965 1864 1094 1929 nostra
1112 1855 1199 1929 Dei.

348 1969 449 2046 Nam
465 1969 583 2068 patris
595 1969 758 2066 Augusti
770 1971 883 2044 docui
901 1973 1059 2047 mortale
1075 1971 1193 2046 fuisse
1344 1971 1389 2042 25

397 2085 567 2184 Corpus3
595 2084 635 2158 in
652 2085 827 2160 aetberias
845 2111 985 2162 numen
1003 2088 1126 2162 abisse
1144 2087 1299 2160 domos:

348 2200 444 2278 Esse
461 2223 591 2300 parem
605 2201 742 2277 virtute
759 2203 869 2302 patri,
884 2204 950 2304 qui
966 2203 1083 2278 fraena
1098 2214 1255 2278 coactus

308 2393 312 2402 ,
400 2317 512 2416 Saepe
529 2319 691 2396 recusati
710 2321 855 2420 ceperit
871 2321 1039 2421 imperii:

347 2625 428 2688 dignus
452 2621 568 2670 Novimus.
608 2625 675 2683 Quas
696 2626 847 2690 cognovimus
927 2625 968 2673 24.
986 2623 1072 2672 Nostra
1087 2621 1197 2685 nonita]
1223 2622 1336 2670 Nostrum
1352 2637 1391 2668 no·

347 2713 398 2746 esse
415 2697 500 2760 diguus
516 2713 545 2746 co
561 2698 619 2754 viro,
635 2699 703 2764 cujus
723 2701 805 2750 laudes
823 2711 847 2749 ct
896 2699 1078 2750 rumscnbendi
1088 2713 1176 2762 genus:
1196 2697 1241 2744 boc
1252 2711 1337 2760 genere
1345 2709 1389 2742 ser·
1484 2717 1485 2730 ÷

347 2779 415 2835 gesta
426 2770 546 2820 describis.
896 2775 978 2822 monis.
996 2772 1097 2821 Nomine
1110 2773 1162 2820 Dei.
1179 2771 1286 2820 Numine
1298 2769 1392 2818 cmi
1484 2791 1485 2812 i

383 2845 421 2892 13.
438 2845 468 2892 Et
485 2861 532 2892 meu
550 2845 617 2893 Musa
632 2847 723 2910 potat]
741 2845 808 2895 Sicut
821 2853 847 2894 tu
896 2848 1007 2914 Augusti.
1017 2847 1088 2896 nina.
1100 2847 1190 2908 Azijuto
1198 2845 1292 2902 crt,&c.
1309 2843 1389 2890 Inboc
1484 2887 1485 2902 ,

348 2919 496 2984 cognosceris
506 2917 617 2968 carminis
628 2917 804 2982 magnitudine5
814 2919 848 2968 itu
896 2937 956 2970 novo
966 2921 1045 2969 labore
1055 2935 1108 2968 meo
1120 2919 1165 2967 luit
1175 2917 1233 2966 mibi
1245 2933 1332 2966 numen
1342 2917 1391 2966 to·
1484 2955 1485 2978 p

347 3001 373 3041 et
385 3007 429 3056 ego
440 3008 534 3057 possum
544 2993 652 3056 cognosci
666 2991 760 3060 propria
769 2992 847 3056 quali-
897 2998 954 3046 naris
965 3011 1006 3060 pro
1016 2995 1128 3060 Apolline
1138 3003 1163 3043 et
1173 2993 1291 3058 Calliope.
1308 2993 1382 3040 Porr.
1484 2993 1485 3000 ’

348 3074 397 3114 tute
418 3065 536 3122 carminis,
554 3065 649 3116 obnoxii
670 3065 751 3114 multia
770 3065 847 3125 vitiis;
930 3071 970 3121 25.
988 3069 1068 3118 Patris
1082 3067 1203 3134 Arrguttt]
1222 3066 1326 3132 Augusti
1341 3065 1391 3114 (ἰε-

348 3140 385 3189 vel
397 3141 443 3188 mei
454 3141 532 3188 luctus
542 3140 638 3189 indicio.
897 3144 963 3201 saris,
973 3143 1045 3208 patris
1056 3141 1148 3208 patrie.

384 3216 420 3264 16.
439 3215 514 3268 Quam
522 3216 619 3276 pulchro
634 3214 741 3277 Ninon]
761 3214 848 3264 Nireus
930 3219 969 3266 26.
987 3215 1099 3279 numen]
1115 3211 1393 3278 AnimamAugusthoe·

349 3288 463 3354 Charopis
486 3289 548 3337 filiun
573 3288 618 3338 luit
642 3297 667 3337 et
687 3289 795 3353 Aglaien
818 3305 847 3338 ex
897 3289 1078 3341 snristlelunoti.

348 3365 419 3425 Syme
430 3361 508 3410 insula
518 3363 549 3412 sd
559 3363 650 3412 bellum
660 3362 787 3428 Trojnnurn
794 3378 848 3428 pro·
930 3365 970 3412 27.
991 3364 1041 3412 Eue
1053 3381 1132 3426 parem
1144 3367 1233 3412 virtute
1243 3362 1329 3425 putri]
1347 3361 1392 3409 Do·

348 3435 433 3484 sectus.
465 3437 543 3494 Quem
552 3436 656 3484 omnium
664 3436 848 3501 pulcherrimum
898 3438 1027 3493 suetiam,
1038 3437 1123 3485 virtute
1134 3452 1183 3484 non
1199 3435 1333 3484 inierituem
1347 3449 1393 3484 csta

349 3507 420 3558 luisse
431 3507 513 3556 scribit
526 3509 651 3566 Homerus,
662 3509 704 3558 lib.
715 3509 740 3558 ii.
752 3509 849 3558 Iliados.
897 3511 1017 3561 Tiberium
1029 3510 1089 3578 patri
1100 3509 1189 3560 Cursori
1199 3509 1320 3573 Augusto.
1352 3509 1393 3562 Qui

385 3583 423 3630 18.
441 3581 497 3636 Qun
504 3582 599 3648 jbciurn
606 3600 671 3644 pons
679 3593 745 3646 poeto
756 3583 847 3647 Gom]
890 3585 972 3651 sraenn
982 3594 1083 3650 rogetur.
1106 3583 1155 3642 Qui
1165 3583 1277 3632 Tiberius
1285 3582 1326 3632 diu
1335 3597 1393 3630 snm-

349 3660 410 3716 Que
426 3672 471 3722 ego
486 3657 554 3722 quusi
569 3665 639 3723 pocta
654 3659 768 3708 barbarus
784 3673 848 3706 cour·
898 3673 962 3708 ruam
971 3658 1064 3724 imperii
1073 3657 1236 3714 recusavit,ut
1248 3657 1392 3706 docetTrtu·

350 3747 425 3798 pono:
444 3747 499 3780 unm
513 3731 595 3796 lingua
606 3732 692 3782 Getica
707 3747 770 3780 nunc
784 3734 848 3799 coepi
898 3733 996 3804 pillus.
1020 3733 1103 3780 Frena
1112 3745 1215 3798 rogatio.
1232 3732 1330 3780 Coactus
1339 3747 1393 3796 pra-

350 3805 456 3854 carmiuu
465 3821 612 3872 componere.
898 3815 945 3856 stat
961 3822 1017 3856 cum
1031 3807 1112 3856 codice
1127 3796 1258 3872 &allgem
1274 3804 1394 3854 Suetonius
1484 3803 1485 3824 ¹

386 3881 423 3928 19.
447 3880 527 3930 Getico
546 3880 727 3944 eoruscantem]
754 3879 849 3945 Lingua
898 3880 929 3929 de
945 3881 1052 3930 Tiberio:
1072 3881 1173 3930 Tandem
1190 3883 1256 3944 puori
1271 3890 1359 3930 coactus
1374 3891 1393 3926 et

350 3952 470 4018 Scythica.
898 3971 992 4017 went
1011 3958 1114 4004 miseruut
1134 3965 1155 4003 st
1182 3971 1297 4002 moran
1318 3954 1394 4014 bnpoai

383 4029 424 4075 20.
441 4027 501 4076 Sunt
516 4029 625 4091 ronow]
638 4029 699 4078 Sunt
712 4028 849 4094 composita.
898 4033 940 4078 ribi
976 4034 1113 4088 unitatem,
1152 4033 1237 4091 recepit
1270 4031 1392 4090 imperim.

352 4099 443 4150 Nostris
452 4105 530 4151 modo.
547 4103 850 4168 Numerisquibutuu'urur
898 4103 1006 4154 adeatur
1026 4105 1097 4154 enum
1117 4103 1217 4152 Tacitus
1237 4102 1365 4152 Annalium
1379 4099 1393 4146 i.
1484 4105 1485 4140 1

351 4174 635 4226 incuminibmlatinis
664 4176 849 4226 Borboruocr'bu.
900 4179 987 4230 nsua

353 4249 432 4298 Verba
443 4248 536 4300 Getica.
