2982 5118
354 421 420 488 toa
649 421 688 486 P.
712 419 876 487 0VlDII
900 419 1110 488 NASONIS

359 594 442 670 Hac
460 617 531 692 ego
549 619 632 670 sum
649 603 760 682 terra,
780 595 910 696 patrioe
926 619 996 671 nec
1014 595 1184 695 poenitet,
1200 605 1322 670 ortus.

409 711 634 785 Consortem
652 709 789 784 Phoebi
807 734 900 808 gens
918 710 1009 785 colit
1026 711 1090 784 illa
1106 710 1242 785 Deam.

357 826 516 926 Templa
533 837 688 901 manent
704 826 816 900 hodie
834 827 949 900 vastis
967 826 1098 900 innixa
1114 825 1323 913 columnis3

407 942 560 1042 Perque
578 953 712 1042 quater
729 943 847 1018 denos
866 943 939 1016 itur
957 943 994 1015 in
1013 943 1078 1016 illa
1094 942 1245 1039 gradus.
1355 944 1403 1013 50
1486 1019 1487 1024 ,

360 1059 476 1134 Fama
493 1057 617 1146 refert,
637 1058 713 1132 illic
732 1059 879 1155 signum
897 1059 1052 1132 eoeleste
1068 1057 1207 1132 fuisse:

409 1173 572 1274 Quoque
589 1175 712 1248 minus
730 1173 893 1258 dubites
913 1183 989 1247 stat
1005 1173 1107 1247 basis
1124 1173 1217 1246 orba
1235 1171 1332 1246 Dea.

358 1290 523 1390 Araque,
541 1315 627 1390 quoe
645 1289 766 1365 luerat
783 1301 918 1364 natura
934 1291 1096 1364 candida
1112 1289 1208 1378 saxi,

411 1407 575 1482 Decolor
592 1405 724 1481 adfuso
741 1405 860 1480 tincta
877 1429 1009 1480 cruore
1027 1407 1150 1480 rubet.

359 1521 516 1598 Femina
533 1545 640 1597 sacra
656 1521 757 1608 lacit,
777 1522 886 1595 toedoe
903 1545 979 1595 non
997 1533 1086 1596 nota
1097 1520 1233 1619 jugali,
1355 1525 1402 1594 55

410 1637 506 1724 Quae
524 1649 677 1738 superat
692 1638 891 1736 Scythicas
909 1637 1105 1712 nobilitate
1122 1660 1251 1710 nurus.

361 1754 529 1830 Sacrificl
543 1779 662 1852 genus
680 1765 751 1842 est,
771 1755 825 1827 sic
842 1753 1037 1827 instituere
1053 1753 1210 1852 priores,

409 1869 567 1945 Aduena
583 1870 749 1967 virgineo
767 1894 888 1944 ooesus
905 1879 947 1943 ut
963 1893 1054 1944 ense
1071 1869 1195 1943 cadat.

362 1986 496 2082 Regna
513 1984 638 2060 Thoas
655 1985 799 2072 habuit,
820 1985 1001 2059 Moeotide
1018 1986 1142 2059 clarus
1160 1984 1198 2058 in
1216 2007 1302 2058 ora:
1325 2055 1329 2060 .

411 2101 494 2176 Nee
512 2100 583 2175 fuit
601 2099 761 2174 Euxinis
779 2101 901 2174 notior
918 2101 1012 2174 alter
1029 2101 1153 2198 aquis.
1356 2103 1405 2173 60
1486 2067 1487 2092 ¹

265 2197 280 2210 ³
362 2219 523 2320 Sceptra
539 2229 694 2293 tenente
711 2218 787 2305 illo,
806 2218 970 2316 liquidas
987 2215 1123 2291 fecisse
1140 2239 1209 2314 per
1226 2237 1337 2290 auras

412 2334 553 2409 Nescio
571 2357 684 2434 quam
702 2333 834 2408 dicunt
853 2332 1074 2432 Iphigenian
1093 2333 1185 2421 iter;

362 2431 485 2518 Quam
503 2433 648 2509 levibus
659 2434 780 2508 ventis
798 2435 868 2508 sub
886 2433 988 2507 nube
1004 2456 1072 2530 per
1089 2455 1244 2530 aequora
1259 2441 1406 2506 vectam
1486 2503 1487 2520 ,

413 2550 589 2625 Creditur
606 2550 665 2624 his
683 2549 829 2627 Phoebe
846 2549 1068 2648 deposuisse
1084 2548 1191 2624 locis.

361 2781 482 2833 Carcinite
496 2781 587 2848 incipit,
602 2783 722 2848 quondam
738 2783 797 2834 mari
814 2799 859 2856 cu·-
911 2783 1029 2832 poneret
1040 2791 1094 2832 noto
1104 2778 1136 2830 ad
1147 2797 1212 2828 torro
1225 2779 1313 2836 mlarri,
1323 2779 1408 2830 utsint
1486 2817 1487 2854 1

361 2856 470 2904 cumfuse
479 2865 504 2905 ot
518 2856 580 2922 ipsa,
590 2872 686 2922 quaqua
703 2873 766 2906 nunc
777 2858 860 2924 jacent
908 2871 986 2914 sacra.
1000 2855 1032 2905 ad
1047 2871 1101 2922 qua
1116 2853 1172 2903 solis
1183 2853 1313 2920 virginibus
1327 2853 1409 2904 aditus
1486 2855 1487 2868 ¹

361 2929 450 2996 canapi,
462 2929 550 2978 deinde
561 2929 635 2978 vestis
643 2929 766 2979 adtollitur
771 2929 844 2996 jugis.
909 2931 948 2989 rit,
955 2939 979 2980 ot
989 2930 1043 2979 ideo
1053 2929 1135 2994 ignota
1146 2927 1215 2977 onds
1224 2927 1299 2993 jugali
1307 2945 1315 2988 ς
1325 2927 1350 2976 id
1360 2937 1409 2986 est,

394 3005 436 3052 ⁴0.
449 3003 578 3052 &aarum
589 3003 742 3068 Photide]
753 3003 860 3054 Sororem
910 3004 1003 3054 leminis
1019 3002 1113 3070 nuptis:
1133 3001 1197 3068 quod
1213 3001 1297 3069 probat
1306 3017 1354 3052 rar.
1364 3005 1409 3051 56.

364 3075 460 3133 Phoebi,
471 3077 585 3128 Dianam.
910 3079 1002 3127 Bunrr.

393 3151 861 3217 60.anordeoorgrodur.]l’ergrs·
942 3153 984 3203 56.
1004 3152 1060 3206 Quo
1077 3161 1170 3214 ruperat
1189 3149 1327 3213 nobilitato-J
1345 3153 1408 3210 Qun

361 3223 580 3290 durquodraglntc.
597 3225 861 3291 Exquotarnplialtitu-
909 3235 945 3278 ost
959 3225 1058 3276 nobilior
1072 3241 1167 3290 genera.
1193 3223 1410 3290 Hujmodicnim

361 3297 442 3346 dinem
450 3306 475 3348 ot
482 3299 683 3363 magnificentiam
691 3299 844 3350 demonstrat.
909 3299 1042 3364 eligebatur
1052 3298 1138 3348 Dione
1152 3297 1264 3348 racemos
1273 3297 1298 3346 in
1306 3297 1413 3348 Taurica

394 3373 434 3420 dl.
445 3372 542 3436 Signum
551 3373 658 3436 cotesto]
671 3373 757 3422 Statua
765 3373 860 3423 Dione.
909 3371 1016 3436 ragione.

394 3445 436 3494 52.
452 3443 504 3492 Stat
516 3447 573 3493 toric
585 3448 639 3494 orto
650 3446 722 3510 Dan]
743 3447 812 3495 Basia
822 3463 858 3497 rc·
942 3446 983 3494 68.
998 3445 1058 3494 Erro
1074 3443 1199 3509 virgim]
1220 3443 1303 3493 Cultro
1313 3443 1414 3509 virgin'n

362 3527 410 3566 stat
430 3517 490 3572 sola,
513 3519 597 3566 orbato
617 3519 743 3569 simulacro
764 3520 860 3581 Dim,
909 3516 1046 3568 acerdotis.

362 3591 426 3657 quod
446 3590 546 3640 abstulit
567 3592 664 3642 Orestes
690 3592 784 3658 fugiens
804 3611 860 3646 cnm
943 3593 983 3641 59.
996 3591 1089 3656 licon]
1102 3589 1151 3639 Adi
1162 3591 1347 3657 Eurip.lab.10.

362 3664 496 3733 Iphigenia,
518 3673 542 3715 ct
568 3665 674 3716 Ariciam
700 3669 813 3734 portavit,
833 3680 860 3720 ut
945 3665 1032 3714 Cursor
1044 3663 1213 3729 Tlmtiswit
1226 3667 1266 3716 too
1280 3683 1357 3716 m
1369 3684 1414 3730 pe-

361 3739 456 3789 Servius
467 3738 543 3788 docet.
976 3743 1039 3788 dum.

394 3815 434 3863 5³.
447 3813 540 3861 Natura
551 3813 620 3876 rosi]
639 3814 660 3861 E
674 3827 795 3865 marmore.
944 3814 984 3862 61.
996 3814 1043 3862 Per
1054 3816 1153 3878 liquidos
1162 3814 1255 3877 curos]
1270 3815 1314 3864 Per
1322 3829 1417 3879 purum

394 3889 434 3936 54.
447 3887 566 3951 Decolor]
581 3887 685 3936 Discolor
695 3886 796 3938 Putean.
911 3903 973 3938 cera.
1000 3889 1066 3937 Nota
1077 3897 1113 3938 est
1127 3887 1218 3944 fabulo,
1230 3899 1330 3953 creptam
1343 3890 1418 3957 Ipbi·

395 3961 860 4026 55.Tedortonaotajugoli.]Praestat5
911 3961 1005 4024 genium
1026 3963 1114 4012 Diana
1135 3963 1328 4022 notificandam
1353 3973 1382 4014 et
1402 3982 1418 4014 a

362 4047 389 4086 ut
405 4046 470 4086 notar
488 4046 546 4094 orte,
565 4039 715 4099 improbitate,
732 4046 757 4086 et
773 4037 860 4086 similia
911 4037 966 4086 Dea
982 4035 1087 4087 delatam
1105 4053 1148 4103 per
1167 4052 1224 4087 aera
1244 4039 1269 4088 in
1284 4039 1418 4090 Tauricam

362 4110 488 4160 dicuntur:
507 4109 551 4158 nisi
563 4113 625 4160 todo
626 4112 721 4176 jugatio
731 4110 785 4175 quis
792 4111 858 4167 velit,
909 4109 1036 4174 regionam,
1053 4125 1197 4176 ceruumque
1216 4129 1258 4178 pro
1275 4129 1302 4162 ea
1319 4115 1418 4180 subpo-

362 4193 390 4231 ut
400 4185 520 4240 Horatius,
531 4184 579 4234 Od.
589 4185 625 4232 ΙΙ.
636 4184 685 4233 xxi.
696 4185 712 4232 6
721 4203 728 4234 ε
909 4184 988 4242 sitam,
999 4193 1026 4233 ut
1036 4185 1132 4234 Scrviru
1142 4185 1220 4236 docet.

461 4257 536 4306 Notus
546 4262 637 4320 parmi
647 4259 728 4306 unioni.
942 4259 982 4306 64.
996 4258 1097 4322 Plato]
1116 4259 1205 4308 Diana.
