2982 5118
248 447 322 514 EX
345 448 504 514 ΡΟΝΤΟ
529 448 620 514 LIB.
644 447 706 514 lv.
731 449 878 518 EPIST.
899 451 970 518 XI.
1067 455 1134 520 517

93 619 162 694 Sed
175 623 413 721 praestandus
431 646 546 710 amor,
565 647 624 699 res
640 648 715 699 non
733 649 892 725 operosa
908 627 1061 704 volenti.

135 737 228 822 Quis
245 738 353 813 labor
369 750 428 813 cst
445 763 576 839 puram
594 765 668 815 nou
685 751 890 817 temerasse
907 741 1047 820 fidem?

91 851 177 926 llaec
195 853 278 940 tibi,
298 853 364 952 qui
382 865 527 952 perstas
545 855 795 931 indeclinatus
815 858 947 946 amice,

133 967 168 1042 N
170 993 220 1043 on
237 980 299 1046 est
316 971 418 1068 quod
435 971 562 1068 lingua
575 973 678 1048 dicta
693 985 877 1072 querente
894 986 1019 1075 putes

397 1461 724 1537 EPISTOLA
762 1465 834 1538 XI.

462 1647 482 1687 *
506 1644 754 1712 GALLIONI.

89 1798 268 1885 Gnnnro,
287 1798 428 1874 crimen
445 1797 516 1875 erit
532 1798 595 1872 vix
612 1801 831 1878 excusabile
848 1804 968 1893 nobis,

134 1915 314 1990 Carmine
331 1926 369 1991 te
387 1940 521 1990 nomeu
540 1941 614 1990 non
631 1918 809 1995 habuisse
826 1945 924 1997 meo.

87 2031 140 2106 'l'u
158 2057 314 2132 quoque
331 2031 444 2120 enim,
462 2032 629 2120 memini,
648 2035 793 2111 coelesti
811 2036 968 2138 cuspide
985 2038 1087 2115 facta

134 2151 276 2225 Fovisti
294 2151 470 2250 lacrymis
487 2152 641 2225 vulnera
657 2163 786 2226 nostra
800 2155 888 2229 tuis,

87 2265 212 2365 Atque
229 2266 386 2354 utinam,
406 2267 502 2367 rapti
516 2269 666 2365 jactura
678 2268 789 2342 laesus
808 2269 931 2357 amici,
1110 2276 1132 2343 5

134 2383 330 2458 sensisses
349 2383 457 2472 ultra,
476 2384 579 2482 quod
597 2407 808 2481 quererere,
827 2384 940 2458 nihill

88 2499 173 2574 Non
188 2499 242 2573 ita
260 2497 330 2573 Drs
349 2499 502 2599 placuit,
522 2499 643 2597 quite
660 2497 821 2597 spoliare
839 2500 979 2597 pudica

135 2616 310 2714 Conjuge
327 2615 499 2690 crudeles
517 2639 591 2689 non
609 2615 774 2688 habuere
792 2613 908 2689 nefas.

88 2729 233 2807 Nuntia
249 2755 336 2804 nam
353 2731 476 2805 luctus
494 2731 586 2804 mihi
603 2753 723 2828 nuper
740 2727 902 2828 epistola
917 2730 1031 2819 venit,

136 2846 331 2946 Lectaque
345 2871 432 2921 cum
449 2844 627 2944 lacrymis
645 2854 734 2919 sunt
751 2853 818 2920 tua
835 2845 974 2920 damna
986 2845 1093 2921 meis.

88 2963 163 3039 Sed
181 2988 308 3062 neque
325 2963 551 3063 prudentem
570 2961 681 3038 solari
697 2961 846 3036 stultior
864 2962 996 3050 ausim,
1087 2966 1128 3036 ll

135 3079 340 3180 Verbaque
358 3078 555 3155 doctorum
570 3088 660 3153 nota
676 3077 813 3152 referre
831 3076 923 3150 tibi:

85 3356 258 3399 memorantur:
276 3364 337 3401 unus
354 3347 485 3406 Achaicus,
495 3349 520 3398 in
537 3365 585 3414 quo
634 3344 889 3396 stitemt'acitTacitnu.
899 3341 1134 3396 HunnGalliouem

83 3423 127 3473 luit
137 3422 275 3480 Corinthus,
282 3439 353 3488 quern
363 3422 403 3473 hic
410 3423 511 3474 Ovidius
521 3424 586 3490 priua
635 3419 774 3470 familiarem
791 3419 863 3470 tuisse
880 3420 973 3470 Nasoni
989 3419 1087 3486 adparet
1104 3435 1134 3468 ex

83 3497 181 3548 minime
203 3496 311 3564 pervium
333 3497 405 3548 tuisse
424 3497 498 3548 dicit:
525 3498 585 3548 alter
634 3495 731 3544 Seneca
747 3493 765 3542 i.
782 3493 875 3543 Sumor.
891 3495 938 3544 heo
954 3504 1030 3544 auten
1047 3495 1141 3544 dlcrhot

83 3589 138 3622 veru
146 3571 254 3622 Isthmus
264 3571 432 3622 estThMius.
636 3569 716 3618 Gallio
737 3569 826 3617 Nasoni
851 3586 891 3618 nro
915 3570 983 3618 uulda
1004 3570 1117 3632 placuisse
1124 3588 1133 3628 ,¹

635 3641 689 3694 ride
700 3643 797 3694 Mnus.
809 3643 840 3692 ad
852 3645 916 3694 Insc.
929 3643 960 3694 cl.
969 3644 987 3693 i.
993 3645 1033 3693 99.
1043 3660 1067 3709 p.
1081 3643 1137 3694 13⁷.

115 3711 130 3741 ⁴
148 3708 301 3773 Gnauonn]
320 3709 406 3760 Junius
416 3709 496 3761 Gallio
505 3711 584 3762 dictur
667 3719 691 3767 3.
717 3719 806 3767 Coelssti
824 3719 937 3782 cupide]
964 3716 1052 3766 Divino
1076 3715 1134 3774 ictu,

82 3793 132 3834 est:
152 3783 308 3849 inadoptavit
318 3787 355 3834 Μ.
367 3786 485 3836 Annaeum
500 3787 581 3836 Nova·
631 3791 705 3840 Mur.
733 3793 852 3856 Conpidom
873 3808 928 3856 ergo
947 3800 1018 3840 vocat
1034 3789 1135 3838 Ceteris

82 3867 142 3915 tum,
154 3859 251 3929 Seneca
269 3857 371 3916 tratrem,
382 3859 424 3925 qui
440 3875 469 3910 ex
487 3861 583 3912 illoJu·
634 3866 780 3916 adversuste
791 3867 858 3916 iram.
891 3866 970 3914 Ponr.

82 3931 136 3981 nius
154 3931 236 3982 Gallio
252 3938 289 3980 ost
305 3931 391 3982 dictus.
423 3933 584 3984 Eusebianum
668 3943 706 3990 10.
725 3941 775 3990 Tua
792 3940 897 4002 domm]
917 3938 1003 3988 Uxoris
1021 3947 1068 3985 tuae
1083 3935 1134 3984 obi·

83 4005 220 4055 chronicon
230 4007 261 4054 Β.
272 4005 420 4072 Hieronymi,
429 4007 516 4058 Juniur
528 4009 585 4058 Gal·
634 4022 681 4071 tus,
689 4015 731 4080 qni
742 4014 785 4063 tihi
796 4015 909 4064 damnum
921 4010 1016 4060 adtulit.

84 4081 122 4136 lio,
126 4080 211 4145 frater
218 4080 315 4136 Seneca,
325 4084 430 4146 egregium
440 4084 585 4139 declamator,
668 4089 708 4136 12.
727 4088 799 4136 Verbo
813 4085 950 4147 doctorum]
970 4083 1044 4132 Dicta
1057 4081 1130 4148 scrip-

83 4156 177 4216 propric
194 4170 217 4204 u
233 4171 304 4202 monn
322 4155 450 4219 interficit,
468 4156 585 4205 referred
634 4169 709 4209 torum
717 4170 742 4211 et
749 4161 948 4227 philosophorum,
956 4157 1046 4206 ratione
1054 4165 1133 4206 osten·

85 4227 187 4278 eundem
206 4243 303 4284 annum,
319 4244 366 4293 quo
383 4229 495 4278 Lucanus
515 4245 585 4278 occu·
634 4233 749 4290 dentium,
762 4233 869 4282 hominen
887 4249 933 4281 nou
952 4231 1038 4282 debere
1055 4245 1136 4296 prosc·

85 4301 149 4351 buit:
170 4301 237 4367 atqui
248 4302 384 4352 Gallionem
396 4305 493 4354 &necas
504 4319 584 4369 super-
635 4306 675 4371 qui
684 4306 913 4429 morinosalacrymis.

759 4397 774 4429 n
