3064 5104
394 365 549 433 ARTIS
572 364 839 436 AMA'I‘ORIAE
862 367 954 434 LIB.
979 367 1048 434 111.
1206 367 1251 430 55

189 536 255 612 lllo
272 539 490 639 praecipue,
511 565 558 615 ne
576 541 627 614 sis
645 565 805 628 morosa,
824 551 955 616 caveto

233 651 451 754 Tempore:
484 679 555 730 nec
572 657 698 755 lapsas
717 681 820 756 saepe
838 657 980 732 resolve
999 681 1138 732 comas.

189 769 283 846 Tuta
298 773 351 866 sit
368 754 557 846 ornatrix.
585 773 660 861 odi,
681 797 766 872 quae
785 774 929 850 sauciat
945 797 1010 848 ora

236 886 454 984 UnguibuS,
476 897 517 962 et
533 889 641 986 rapta
657 889 813 963 brachia
830 889 912 986 figit
928 911 1011 964 acu.
1164 892 1239 961 240

192 1001 369 1090 Devovet,
389 1014 432 1078 et
449 1005 613 1078 dominae
631 1004 753 1101 tangit
769 1015 885 1103 caput
903 1003 986 1080 illa:
1016 1001 1206 1102 simulque
1229 1017 1234 1022 '

239 1117 369 1194 Plorat
386 1121 437 1220 ad
456 1120 597 1195 invisas
615 1123 903 1220 sanguinolenta
919 1119 1061 1195 comas.

196 1232 285 1318 Quae
311 1235 411 1310 male
430 1236 570 1312 crinita
586 1247 656 1325 est,
675 1237 873 1312 custodem
889 1237 926 1310 in
943 1236 1070 1312 limine
1088 1243 1226 1336 ponat;

242 1350 454 1427 Orneturve
474 1351 597 1426 Bonae
616 1375 767 1450 semper
782 1352 822 1424 in
840 1351 921 1452 aede
940 1351 1046 1426 Deae.

199 1465 328 1542 Dictus
339 1491 452 1542 ‘eram
471 1468 623 1542 cuidam
636 1469 769 1543 'subito
787 1469 935 1544 venisse
952 1468 1110 1568 puellae3
1169 1471 1244 1542 245

242 1581 411 1658 Turbida
428 1607 626 1684 perversas
644 1586 767 1660 induit
784 1585 849 1661 illa
866 1609 1007 1660 comas.

198 1695 376 1774 Hostibus
394 1701 547 1776 eveniat
563 1711 640 1776 tam
655 1700 747 1775 foedi
765 1725 902 1776 caussa
917 1701 1072 1800 pudoris
1085 1728 1094 1790 ;

243 1812 365 1913 Inque
382 1839 503 1897 nurus
522 1814 683 1902 Parthas
702 1815 868 1892 dedecus
887 1817 980 1892 illud
998 1828 1071 1893 eat.
1128 1817 1216 1916 [pus
1233 1840 1241 1890 :

197 1927 319 2030 Turpe
329 1955 450 2032 pecus
461 1934 654 2007 mutilum:
677 1943 787 2033 turpe
798 1945 858 2009 est
871 1936 952 2008 sine
963 1934 1131 2033 gramine
1141 1931 1243 2008 cam-

242 2041 294 2120 Et
310 2045 392 2122 sine
409 2046 545 2124 fronde
561 2047 686 2124 frutex
701 2077 710 2140 ;
740 2062 780 2126 et
796 2052 877 2128 sine
894 2051 997 2126 crine
1014 2061 1141 2150 caput.
1169 2052 1245 2124 250

199 2159 284 2234 Non
301 2163 393 2237 mihi
411 2161 582 2253 venistis,
603 2166 767 2255 Semele,
788 2167 948 2256 Ledeve‚
968 2167 1149 2242 docendae
1163 2192 1178 2258 ε,

244 2275 395 2376 Perque
412 2279 553 2355 fretum
571 2280 678 2372 falso,
698 2284 843 2373 Sidoni,
861 2294 971 2360 vecte
987 2263 1096 2358 bove.

198 2392 272 2469 Aut
289 2393 453 2486 Helene,
474 2421 589 2496 quam
605 2425 683 2475 non
703 2403 832 2490 stulte,
852 2400 1038 2487 Menona,
1057 2399 1246 2499 reposcis;

245 2509 302 2584 l'u
320 2536 480 2613 quoque
498 2539 573 2588 non
590 2515 717 2605 stulte,
736 2515 848 2592 Troie
865 2527 1004 2617 raptor,
1024 2517 1155 2590 habes.
1218 2583 1220 2594 .

197 2623 321 2726 Turba
336 2627 514 2704 docenda
530 2630 643 2720 venit,
663 2632 830 2732 pulchrae
848 2642 1058 2730 turpesque
1074 2629 1222 2730 puellm

246 2741 437 2844 Pluraque
457 2756 548 2821 sunt
564 2769 714 2846 semper
731 2747 921 2822 deteriore
937 2745 1059 2820 bonis.
1172 2747 1247 2818 256

198 2855 381 2934 Formosae
399 2861 529 2934 minus
547 2861 636 2936 artis
655 2887 767 2961 opem
784 2872 1053 2962 praeceptaque
1070 2869 1203 2934 curant
1218 2885 1227 2934 ε

245 2971 315 3048 Est
330 2976 403 3050 illis
423 2978 594 3064 suedos,
614 2977 733 3052 forma
751 2979 831 3052 sine
849 2987 929 3052 arte
947 2988 1095 3078 potens

200 3085 294 3170 Cum
312 3117 414 3169 mare
433 3095 689 3193 compositum
704 3107 775 3184 est,
791 3118 947 3170 securus
965 3094 1092 3168 navita
1108 3083 1255 3178 cessat,

192 3301 195 3304 Ι
243 3209 343 3284 Cum
357 3219 500 3298 tumet,
520 3210 668 3284 auxiliis
687 3210 835 3286 adsidet
853 3209 915 3284 ille
933 3209 1024 3284 suis.
1171 3211 1247 3281 260

225 3455 281 3507 all.
297 3459 434 3507 Orneturve
444 3455 514 3505 Bone
525 3475 608 3524 seraper
618 3463 644 3508 in
654 3462 700 3510 ede
750 3459 819 3526 quasi
834 3457 898 3508 dorni
908 3475 942 3520 se
957 3459 1033 3508 ornari
1050 3455 1210 3512 dissimulem,
1225 3455 1250 3504 in

198 3527 267 3594 Dee]
284 3531 339 3590 Quo
349 3531 466 3580 maribus
475 3529 539 3580 adire
548 3531 700 3584 nonlicebat.
750 3533 870 3600 temploee
882 3549 933 3582 esse
941 3529 1250 3597 Amatoribusperruedeat,

196 3603 254 3654 Hinc
271 3605 393 3664 Tibullus,
412 3605 462 3656 lib.
480 3603 499 3653 i.
516 3606 585 3674 Eleg.
602 3607 644 3658 vii.
660 3609 700 3657 22.
750 3607 792 3658 ubi
806 3607 937 3674 periculum
955 3624 1002 3658 non
1015 3613 1074 3663 erat,
1085 3622 1115 3654 ne
1128 3621 1143 3654 a
1157 3603 1251 3670 procaci

195 3677 259 3728 &cra
270 3681 337 3732 Βοηι
345 3681 457 3746 maribus
469 3697 513 3727 non
523 3683 630 3732 adeundo
639 3681 700 3732 Dee.
750 3683 821 3734 turba
835 3679 879 3730 illa
894 3681 1010 3746 juvenum
1027 3678 1251 3745 deprehenderetur,

194 3751 277 3816 ἡθιὸς
292 3755 431 3823 γυναικεία
451 3753 544 3804 Grecis
562 3755 626 3823 apud
645 3757 701 3805 Ms-
750 3767 777 3806 ut
795 3757 882 3823 quibus
900 3756 936 3806 las
952 3773 1000 3806 non
1019 3763 1069 3804 erat
1087 3753 1129 3802 illo
1148 3751 1252 3802 introire.

192 3831 302 3890 crobinm,
313 3832 360 3882 lib.
374 3832 393 3882 i.
405 3846 465 3896 cap.
478 3829 516 3879 ll.
529 3829 554 3879 in
568 3829 700 3882 saturnali·
750 3847 795 3897 ego
808 3830 961 3898 explicarem,
979 3837 1075 3880 ornetur
1091 3827 1155 3876 domi
1173 3826 1198 3874 in
1215 3841 1252 3874 se·

189 3903 231 3954 bus
241 3905 337 3964 dicitur,
349 3905 397 3972 qui
409 3901 492 3952 multa
505 3902 535 3954 de
549 3904 636 3972 opertis
650 3905 702 3970 ejus
751 3913 817 3955 cteta
833 3912 909 3970 parte,
925 3913 1048 3970 tamquam
1065 3901 1090 3950 in
1107 3901 1159 3950 ede
1177 3901 1252 3948 Bone

185 3979 293 4029 neerisin
308 3981 396 4030 lucem
411 3975 512 4044 profert.
546 3975 607 4028 Haec
620 3979 703 4030 Fauna
752 3977 822 4036 Dera,
842 3985 867 4028 et
887 3977 1006 4027 neminem
1027 3975 1145 4024 admittat.
1180 3973 1253 4020 Orne-

185 4051 259 4104 Fatua
280 4053 362 4104 Fauni
388 4066 454 4101 uxor
473 4059 498 4098 et
514 4068 585 4102 soror.
613 4053 721 4102 Harsa*
753 4051 1111 4116 turquePalatinetBernens.
1144 4049 1234 4096 Bonu.

181 4125 265 4178 Dnuze
274 4127 330 4178 hec
341 4128 380 4176 ita
392 4123 519 4191 capiebat,
530 4143 576 4176 non
587 4125 655 4192 quasi
667 4144 703 4177 re·
785 4127 843 4176 252.
861 4125 928 4180 Falso
943 4125 1016 4188 bova]
1036 4123 1058 4170 F
1058 4123 1108 4170 luno
1123 4118 1257 4170 Palatinus.

178 4219 233 4253 vera
248 4203 274 4254 in
288 4203 345 4254 eade
363 4201 449 4252 Bone
460 4197 521 4248 Deve
535 4216 560 4250 se
573 4209 650 4258 ornet,
661 4201 703 4252 red
754 4201 827 4252 male.
839 4201 888 4250 vid.
899 4201 915 4250 i.
927 4199 1008 4250 Amor.
1020 4196 1054 4246 iii.
1064 4198 1108 4245 2³.
