2974 5100
321 403 387 468 842
611 399 652 466 P.
674 397 838 466 ovluu
862 396 1073 464 NASONIS

324 573 543 660 Scribimus,
560 583 599 647 et
616 571 776 670 scriptos
793 572 1025 651 absumimus
1042 572 1130 670 igne
1146 571 1317 648 libellos:

373 689 511 765 Exitus
528 699 586 764 est
604 688 719 763 studii
736 711 851 786 parva
867 687 995 762 favilla
1009 688 1097 762 mei.

323 803 406 880 Nec
422 823 590 904 possum,
608 813 647 880 et
663 803 774 903 cupio
792 827 868 878 non
884 803 980 878 ullos
997 803 1135 878 ducere
1152 827 1311 879 versus:

373 919 530 995 Ponitur
546 919 685 994 ideireo
702 928 831 994 noster
846 919 885 992 in
903 919 991 1016 igne
1006 919 1132 1009 labor3

323 1035 407 1112 Nec
420 1036 497 1117 ¹nisi
515 1060 614 1135 pars,
632 1059 724 1110 casu
742 1033 902 1109 flammis
919 1045 1063 1134 erepta,
1081 1033 1229 1122 dolove,
1317 1037 1363 1108 65

305 1204 309 1216 ·
372 1153 434 1227 Ad
450 1178 516 1227 vos
533 1151 674 1250 ingenii
690 1151 862 1251 pervenit
876 1152 955 1226 ulla
971 1151 1059 1226 mei.

324 1267 388 1344 Sic
406 1270 562 1358 utinam,
581 1292 666 1368 quae
683 1269 735 1343 nil
753 1280 984 1345 metuentem
1000 1270 1077 1344 tale
1094 1267 1316 1366 magistrum

373 1385 555 1474 Perdidit,
573 1387 612 1460 iu
629 1387 773 1462 eineres
791 1386 865 1462 Ars
882 1412 968 1463 mea
984 1410 1092 1462 versa
1109 1385 1224 1462 soret!

646 1801 890 1878 ELEGIA
922 1801 1037 1877 XIII.

324 1969 449 2044 Hsuc
468 1980 555 2044 tuus
573 1994 594 2044 e
613 1969 751 2045 Getico
767 1970 882 2045 mittit
899 1969 968 2044 tibi
989 1967 1093 2043 Naso
1111 1972 1301 2062 salutem3

373 2082 527 2160 Mittere
545 2085 577 2160 si
594 2087 809 2184 quisquam,
827 2109 904 2183 quo
921 2094 1025 2160 caret
1042 2084 1136 2183 ipse,
1156 2095 1297 2184 potest.

323 2202 437 2300 AEger
453 2205 553 2276 enim
570 2203 668 2278 traxi
684 2203 859 2300 contagia
876 2225 1030 2300 corpore
1047 2201 1197 2288 mentis,

374 2317 510 2393 Libera
526 2328 713 2394 tormento
731 2343 818 2418 pars
836 2318 927 2392 mihi
945 2341 992 2392 ne
1010 2341 1087 2416 qua
1101 2329 1233 2393 vacet:

325 2435 476 2533 Perque
493 2434 575 2509 dies
593 2436 731 2510 multos
749 2435 877 2511 lateris
894 2434 1122 2509 eruciatibus
1141 2459 1239 2521 uror,
1340 2441 1362 2510 5

375 2551 453 2626 Sed
471 2552 572 2649 quod
591 2575 665 2626 non
683 2553 831 2628 modico
848 2551 984 2648 frigore
1000 2552 1099 2626 laesit
1115 2549 1251 2625 hieme.

325 2667 366 2741 Si
383 2678 510 2742 tamen
526 2669 609 2767 ipse
625 2669 740 2758 veles
761 2667 887 2766 aliqua
903 2691 972 2741 nos
989 2677 1097 2766 parte
1113 2668 1305 2742 velemus:

373 2782 524 2882 Quippe
542 2809 627 2859 mea
643 2795 702 2858 est
719 2782 882 2858 humeris
900 2781 996 2857 fulta
1011 2782 1119 2856 ruina
1134 2781 1224 2857 tuis.

324 2895 397 2982 Qui
413 2898 504 2972 mihi
514 2923 632 2997 quum
646 2898 795 2972 dederis
807 2899 978 2996 ingentia
988 2899 1156 2997 pignora,
1169 2921 1363 2998 quumque

372 3012 447 3088 Per
463 3037 637 3090 numeros
655 3041 786 3092 omnes
804 3017 876 3090 hoe
892 3025 1023 3090 tueare
1040 3025 1176 3114 caput;
1320 3022 1364 3090 10

354 3178 395 3227 62
415 3179 513 3244 Pane]
537 3179 593 3230 Nou
613 3181 693 3248 placet
709 3181 817 3239 Heinsio,
867 3175 1364 3246 quisqeumqrweer.uutluberrtioeMeduu.

322 3261 347 3302 et
362 3253 458 3319 conjicit
467 3256 550 3304 mutu
559 3267 621 3316 utre,
631 3266 657 3308 et
666 3257 749 3306 Burm.
759 3275 819 3306 caue
867 3253 965 3312 codicis,
974 3255 1091 3302 ntum
1100 3254 1220 3316 quiequam
1227 3270 1272 3315 φω
1282 3270 1305 3302 c.
1313 3255 1365 3316 ipse.

314 3325 414 3390 favillas.
445 3327 564 3394 Equidem
579 3341 660 3380 contre
673 3330 769 3380 eodicee
782 3330 818 3378 ni·
867 3327 944 3378 Recte
963 3341 1043 3378 eutem
1060 3327 1193 3378 observarit
1207 3327 1362 3394 Verpoorteu,

307 3399 461 3460 ⁸iiiimuteur.
494 3401 570 3468 Atqui
582 3403 653 3454 lectio
665 3419 738 3466 partu
752 3401 819 3450 audit
868 3401 981 3450 Ovidium
998 3401 1079 3452 ludere
1097 3401 1122 3452 iu
1138 3401 1257 3450 voeabula
1276 3404 1363 3458 ntum,

321 3473 422 3522 multum
429 3474 539 3538 penderit
548 3477 689 3542 eonjecturae
702 3475 818 3524 Burman·
868 3474 931 3538 quod
949 3487 973 3524 et
991 3475 1203 3540 comprecatiouem
1220 3473 1324 3526 fautum
1341 3485 1364 3525 et

322 3547 356 3604 ni,
373 3545 414 3612 qui
429 3544 454 3596 iu
464 3563 532 3598 versu
546 3549 654 3616 sequenti
673 3549 752 3612 legere
767 3562 817 3596 me·
867 3555 954 3598 rutum
966 3549 1059 3600 felicem
1069 3547 1197 3614 siguificat.
1224 3549 1296 3600 Illeru
1307 3549 1364 3600 Ovi·

322 3619 352 3669 lit
361 3637 405 3669 uon
415 3623 497 3672 rethor
504 3623 616 3688 (quidem
623 3621 686 3672 enim
695 3620 764 3670 codd.
775 3620 818 3670 ha·
867 3619 920 3670 dius
927 3639 953 3672 se
961 3623 1063 3682 mittere,
1070 3622 1132 3672 hene
1142 3638 1190 3672 uon
1200 3623 1288 3673 hebere
1299 3625 1365 3675 dicit.

322 3695 530 3760 teutmundus)
538 3700 621 3746 ducere
631 3711 713 3743 mnu.
733 3694 818 3744 Hesi..
868 3694 980 3747 irrues.

354 3769 379 3818 2.
400 3769 461 3827 Qun
476 3770 547 3820 lectio
566 3769 645 3820 estin
662 3775 737 3824 textu,
753 3768 817 3831 [mit-
899 3771 923 3818 3.
942 3769 1012 3818 Tratu‘
1029 3772 1134 3834 contagia
1150 3772 1232 3820 mente
1250 3771 1360 3836 corpore]

323 3853 370 3893 uro
383 3859 431 3892 ren
441 3845 461 3892 ti
470 3846 529 3907 quir.
541 3843 605 3893 Edit.
622 3840 746 3904 Hrme]
765 3857 817 3890 euru
867 3842 897 3892 Id
907 3850 952 3900 ert,
960 3843 1037 3910 ipsum
1048 3859 1142 3910 corpus,
1152 3861 1201 3910 pra
1213 3845 1286 3894 nimio
1299 3861 1363 3896 meu·

322 3915 435 3968 Heiutus
448 3917 567 3982 rescripsit
576 3933 590 3966 e
600 3913 720 3969 Leiderui,
731 3915 818 3964 Mureti
867 3915 898 3964 tis
907 3916 995 3975 delore,
1005 3917 1078 3982 coepit
1088 3918 1151 3966 male
1159 3919 1248 3968 valere.

322 3999 348 4040 et
361 3989 408 4040 uio
423 3990 522 4051 cadim
538 4004 646 4055 egerere
662 4002 716 4036 cum
732 3988 816 4038 Burm.
898 3991 923 4037 9.
940 3989 1048 4056 Ingentia
1057 3992 1176 4056 pignum]
1195 3993 1301 4056 Magnas
1315 3993 1361 4058 sig-

322 4065 393 4114 veide
406 4065 497 4122 dubito,
508 4065 559 4114 brec
573 4063 715 4129 interpolata
724 4079 775 4112 esee
786 4061 817 4112 ad
867 4061 1012 4114 nificatienes
1021 4065 1113 4114 umoris

323 4139 456 4206 exemplum
470 4139 487 4188 i.
494 4155 516 4188 e.
526 4139 601 4188 Ponto
611 4139 649 4187 10.
656 4139 696 4188 20.
707 4147 731 4188 et
738 4153 817 4188 servu·
902 4137 939 4188 10.
957 4138 1003 4186 Per
1017 4156 1120 4188 mm
1133 4139 1229 4202 omme]
1247 4141 1295 4190 Per
1311 4153 1361 4188 em·

322 4225 370 4260 rem
387 4211 512 4262 lectionem
525 4211 582 4262 edit.
596 4211 681 4261 veteris
697 4214 818 4262 mittereri
868 4226 909 4261 ner
920 4213 1007 4262 modos.
