3020 5106
356 393 422 460 272
652 389 691 455 r.
716 389 879 494 evron
905 389 1117 458 uisurus

354 566 433 641 Aut
450 563 621 662 sequitur
638 575 786 664 coptus,
805 567 1057 664 conjectaque
1074 565 1227 640 vincula
1242 566 1343 640 collo

406 681 570 779 Accipit,
591 691 656 754 aut
674 681 750 756 telo
767 680 868 754 virus
886 680 1050 755 habente
1068 664 1198 755 cadits

355 799 431 874 Hie
449 823 520 896 ego
539 797 711 878 sollicitae
725 799 837 896 jaceo
854 822 978 892 nouus¹
990 797 1114 871 incola
1131 797 1255 885 sedis;
1361 801 1412 870 85

405 913 492 988 Heu
511 913 669 986 nimium
687 911 752 987 sati
772 924 944 1012 tempora
961 914 1075 1008 longa
1092 913 1187 986 mei!

358 1029 408 1105 Et
424 1041 564 1117 tamen,
584 1030 632 1104 ad
652 1054 827 1105 numeros
846 1030 1079 1127 antiquaque
1098 1053 1206 1104 sacra
1224 1029 1360 1104 reverti

408 1147 581 1222 Sustinet
598 1145 636 1218 in
655 1146 771 1220 tantis
790 1147 942 1245 hospita
960 1145 1075 1219 Musa
1093 1147 1200 1220 maiis
1218 1172 1227 1220 ε

358 1264 449 1352 Sed,
461 1287 587 1365 neque
597 1263 658 1337 cui
670 1263 826 1338 recitem
840 1263 1044 1361 quisquam
1055 1273 1116 1336 est
1126 1287 1212 1336 mea
1222 1263 1411 1351 carmina3

506 1403 577 1454 nec
597 1378 662 1476 qui

406 1494 572 1570 Auribus
591 1494 754 1594 accipiat
769 1496 885 1570 verbe
901 1494 1039 1570 Latina
1056 1495 1147 1569 suis
1362 1500 1413 1570 90

356 1612 446 1713 lpse
464 1611 568 1698 mihi,
585 1611 677 1709 quid
695 1611 796 1686 euim
815 1611 977 1687 seciam?
996 1605 1212 1710 scriboqu'e,
1225 1613 1410 1710 legeque3

405 1725 581 1824 Tutaque
594 1725 739 1824 judicio
758 1726 869 1802 litere
885 1739 1013 1802 nostra
1031 1752 1100 1801 suo
1118 1738 1191 1802 est.

357 1844 469 1942 Saepe
487 1851 614 1916 tamen
633 1840 727 1927 dixi,
746 1842 806 1914 cui
826 1866 926 1916 nunc
944 1839 1137 1935 hoec'cura
1154 1843 1329 1918 laborat?

406 1959 466 2032 An
484 1981 570 2031 mea
589 1957 822 2032 Sauromatae
841 1959 983 2058 scripta
1002 1959 1191 2057 Getaeque
1210 1959 1367 2056 legent?

358 2074 470 2172 Saepe
495 2073 622 2160 etiam,
642 2073 820 2173 lacrymae
835 2099 898 2150 me
917 2086 1007 2148 sunt
1024 2076 1215 2150 scribente
1233 2075 1410 2176 profusae,

406 2187 652 2288 Humidaque
671 2201 730 2264 est
748 2191 841 2270 fletu
859 2191 967 2267 litera
985 2191 1087 2267 sacta
1103 2217 1210 2284 meo;
1361 2197 1409 2266 96

357 2307 510 2405 Corque
520 2317 672 2381 vetusta
684 2329 824 2395 meum,
837 2317 1020 2406 tanquam
1034 2333 1142 2396 nova,
1154 2311 1312 2384 vulnera
1325 2334 1410 2384 sen-

406 2421 529 2521 lnque
548 2422 670 2497 sinum
690 2434 834 2497 moestae
854 2423 993 2498 labitur
1011 2425 1132 2500 imber
1150 2449 1275 2523 aquae.
1334 2426 1409 2523 [tit,
1493 2467 1494 2524 p

342 2539 496 2626 Quum,
515 2540 597 2614 vice
614 2551 771 2626 mutata,
785 2541 878 2638 quid
898 2541 969 2614 sim
989 2541 1203 2642 fuerimque
1221 2543 1408 2628 recordor,

406 2655 457 2732 Et
474 2656 601 2731 tulerit
618 2682 694 2756 quo
712 2682 773 2732 me
791 2681 915 2746 casus,
935 2670 975 2733 et
992 2659 1107 2746 unde,
1128 2661 1254 2750 subit3
1339 2665 1409 2735 100

356 2776 469 2874 Saepe
487 2799 620 2848 manus
639 2775 808 2864 demens,
829 2774 966 2850 studiis
983 2777 1078 2851 irata
1096 2777 1286 2874 maiignis,

406 2891 515 2965 Misit
532 2891 570 2963 in
589 2915 738 2965 arsuros
756 2891 924 2966 carmina
941 2902 1072 2966 nostra
1089 2891 1205 2967 focos.

355 3009 483 3108 Atque
497 3006 608 3081 itade
623 3009 951 3107 multis,quoniam
967 3034 1041 3083 non
1056 3010 1177 3084 multa
1191 3019 1407 3108 supersunt,
1493 3029 1494 3086 t

406 3124 506 3199 Cum
523 3122 633 3196 venia
650 3122 777 3213 facito,
795 3127 970 3226 quisquis
989 3152 1043 3214 es,
1064 3127 1136 3202 ista
1153 3127 1283 3224 legas:
1340 3129 1406 3200 104

421 3348 456 3394 Er
470 3349 546 3409 opiter
556 3348 612 3404 illic,
623 3363 678 3410 porr
688 3351 767 3411 procrd
777 3361 856 3413 raptor
907 3369 954 3403 non
969 3369 1056 3403 uorum
1072 3369 1125 3404 esse
1140 3352 1252 3412 incolam,
1270 3361 1298 3403 ut
1315 3363 1370 3404 ante
1385 3367 1409 3401 re

452 3419 540 3484 Scyth:
907 3435 1042 3476 vocaverat.
1065 3427 1155 3476 Boou.

390 3493 464 3558 Usque
483 3511 498 3542 o
519 3498 617 3556 perustis
635 3494 708 3544 indic
723 3499 812 3560 populis
830 3517 855 3547 o·
939 3503 979 3550 ol.
992 3501 1041 3564 Ipse
1051 3502 1258 3564 miti,qoidmim,
1269 3501 1329 3565 &c.]
1341 3499 1409 3558 Quod

450 3577 529 3632 guoti
906 3575 961 3640 lego
971 3591 999 3624 ac
1010 3591 1134 3641 compono.
1146 3589 1200 3622 meo
1212 3573 1307 3639 judicio
1323 3573 1409 3622 unmi-
1493 3607 1494 3646 r

354 3640 446 3705 Wlssffi
455 3651 546 3703 imm·
569 3641 661 3690 ΗΕΙΜ·
907 3647 1143 3714 naudumpernritto.
1178 3648 1257 3697 Cnreo
1272 3647 1338 3696 enim
1352 3645 1408 3694 nmi-
1493 3655 1494 3721 p

387 3717 427 3764 85.
439 3715 570 3780 Sollicite]
591 3715 620 3764 lo
636 3715 784 3767 Francosurt.
796 3727 855 3778 crat,
907 3722 949 3778 cir,
967 3739 1075 3788 quorum,
1093 3737 1167 3786 quum
1185 3721 1271 3769 Rome
1288 3719 1408 3775 essem,in
1493 3733 1494 3782 ᾖ

354 3789 486 3838 Sommticc
496 3793 565 3854 jocco
586 3805 656 3838 numu
673 3793 748 3840 incolo
764 3796 855 3858 gemis,-
906 3796 966 3846 meio
983 3795 1128 3846 carminibus
1149 3793 1305 3858 corrigendis,
1322 3795 1409 3861 judicio
1493 3791 1494 3814 ¹

353 3879 424 3920 unus,
436 3865 510 3912 inccta
521 3867 594 3920 caedr's,
605 3873 722 3929 corrupte.
743 3865 857 3916 Francius
906 3869 942 3918 uti
951 3870 1035 3926 solitus
1045 3886 1107 3919 oum.
1132 3868 1203 3917 Cror.

354 3936 496 4003 conjiciebat
512 3949 575 3987 octus
590 3939 664 3986 incoin
680 3941 745 3995 redis,
756 3949 784 3990 ut
797 3939 856 3990 olibi
938 3946 979 3994 98.
991 3944 1063 4008 Inque
1079 3947 1155 3991 einum
1168 3952 1250 3991 Μία
1264 3945 1353 3990 labitur
1369 3945 1407 3989 r'rrr-

354 4029 431 4062 unco
440 4029 523 4060 nouum
533 4015 630 4061 incolum
637 4023 708 4062 vocat
715 4013 783 4063 initio
791 4015 854 4066 Pon·
906 4021 944 4066 ber
961 4018 1045 4081 oque]
1065 4015 1173 4066 Δεύοντο
1189 4014 1215 4064 di
1234 4015 1338 4082 δάκρυσι
1355 4016 1407 4065 κάλ’·

354 4085 397 4137 tic.
431 4086 478 4137 Sed
488 4087 543 4153 plus
553 4085 771 4153 temporissbiernt,
780 4105 854 4154 quum
907 4109 958 4140 ποι.
984 4091 1024 4140 An
1034 4090 1080 4139 hoc
1090 4089 1162 4139 etiam
1171 4089 1202 4138 de
1210 4090 1335 4140 oculorum
1344 4089 1408 4139 sino!

354 4161 397 4210 iilo
417 4161 538 4217 scriberet,
557 4162 582 4210 et
600 4161 656 4210 inde
677 4164 790 4228 probatur
807 4163 855 4228 legi
906 4166 986 4216 Imber
997 4164 1059 4216 enirn
1070 4163 1223 4215 vehementer
1234 4163 1338 4230 depluit.

354 4236 441 4286 debere
461 4253 538 4294 novics,
557 4236 613 4301 quia
632 4236 666 4285 ibi
683 4237 741 4288 dicit
759 4237 809 4303 jorn
830 4255 855 4287 oe
