2974 5100
338 393 407 460 ΜΩ
635 389 675 454 Ρ.
699 387 862 456 ov1n11
886 389 1099 458 NASONIS

338 565 411 640 Vel
428 565 520 663 quia
536 564 692 663 peceavi
708 564 804 638 eitra
820 565 958 652 scelus,
978 575 1097 662 utque
1115 563 1259 664 pudore

392 681 479 756 Non
498 691 613 768 caret,
633 680 772 756 invidia
790 681 844 756 sic
863 705 949 756 mea
965 681 1079 779 eulpa
1095 690 1222 755 earet:

338 797 411 872 Vel
429 797 521 896 quia
538 797 591 870 nil
609 799 756 894 ingens,
776 797 955 873 adfinem
974 797 1065 872 solis
1083 797 1131 871 ab
1148 805 1247 883 ortu,
1341 797 1388 868 25
1469 868 1473 881 ,

391 911 475 1000 Illo,
494 913 555 988 cui
572 923 693 1012 paret,
713 913 841 988 mitius
858 913 960 986 orbis
979 913 1107 986 hebet.

341 1027 509 1114 Scilicet,
529 1037 663 1102 utnon
682 1038 742 1101 est
759 1029 919 1126 pervim
938 1027 1163 1126 superabilis
1181 1026 1262 1114 ulli,

392 1141 512 1218 Molle
527 1167 592 1217 eor
609 1143 657 1218 ed
675 1143 828 1218 timidos
847 1143 907 1218 sic'
920 1144 1036 1218 habet
1053 1144 1115 1217 ille
1133 1167 1282 1240 preces.

262 1271 267 1284 ⁸
340 1255 607 1359 Exemploque
622 1259 759 1347 Deum,
771 1261 912 1359 quibus
926 1283 1150 1334 accessurus
1164 1269 1205 1332 et
1223 1257 1307 1355 ipse
1321 1269 1387 1342 est,

390 1374 491 1447 Cum
509 1399 630 1473 poenae
646 1375 757 1450 venia
774 1377 884 1474 plura
901 1375 1070 1471 roganda
1086 1385 1230 1473 petam.
1343 1377 1389 1445 30

340 1488 383 1564 Si
401 1512 577 1563 numeres
596 1505 695 1564 enno
713 1491 813 1564 soles
832 1503 872 1564 et
889 1489 1019 1564 nubila
1035 1500 1131 1575 toto,

391 1604 566 1681 Invenies
584 1605 744 1680 nitidum
763 1608 902 1705 sepius
920 1608 996 1682 isse
1013 1606 1128 1680 diem.

339 1718 454 1818 Ergo,
474 1743 521 1794 ne
539 1731 668 1795 nostra
684 1720 841 1794 nimium
859 1723 986 1796 laetere
1005 1721 1123 1806 ruine,

391 1835 555 1910 Restitui
575 1837 766 1933 quondam
785 1861 845 1910 me
862 1861 1017 1936 quoque
1035 1859 1149 1936 posse
1169 1846 1285 1935 puta:

338 1951 460 2030 Posse
478 1961 572 2050 puta
587 1951 679 2038 fieri,
698 1952 814 2026 lenito
832 1953 1016 2051 principe,
1035 1951 1162 2026 vultus
1341 1955 1385 2026 35

391 2067 447 2140 Ut
462 2066 591 2140 videos
609 2068 735 2143 medie
752 2069 870 2142 tristis
888 2069 927 2142 in
947 2069 1041 2142 urbe
1060 2091 1186 2156 meos;

342 2180 474 2279 thue
491 2207 562 2279 ego
581 2193 619 2258 te
636 2184 785 2258 videam
803 2207 920 2258 causa
936 2183 1104 2281 graviore
1121 2182 1320 2279 fugatum:

390 2297 484 2373 Haee
503 2299 591 2374 sunt
609 2302 779 2400 oprimis
797 2302 969 2400 proxima
988 2311 1076 2376 vota
1092 2299 1197 2372 mihi.

684 2861 936 2938 ELEGIA
971 2864 1043 2938 lX.

341 3063 376 3138 Ο
397 3089 480 3138 ron
501 3064 534 3138 si
551 3064 695 3140 sineres
713 3063 752 3137 in
770 3063 907 3138 nostris
926 3067 1079 3141 nomina
1095 3069 1184 3166 poni

391 3179 645 3266 Carminibus,
665 3179 809 3278 positus
828 3205 942 3279 quam
958 3182 1049 3255 mihi
1068 3207 1170 3282 saepe
1189 3181 1311 3257 fores!

372 3479 414 3528 2³.
436 3477 548 3542 Pudore]
575 3477 602 3526 h.
621 3491 643 3526 e.
661 3478 734 3527 stulto
754 3495 840 3538 errore,
890 3481 977 3548 possim
987 3484 1394 3550 ocourritzpetometserom,etim

338 3554 407 3618 eujus
417 3567 455 3601 me
466 3551 556 3618 pudere
566 3551 646 3601 debet.
680 3551 794 3602 liram.
891 3553 1048 3605 confuderunt
1060 3555 1150 3606 librarii
1163 3572 1192 3606 er
1204 3559 1277 3607 Pont.
1290 3559 1307 3608 i.
1318 3577 1343 3610 r.
1355 3560 1394 3608 30.

372 3627 413 3675 29.
431 3625 537 3688 Exemplo
553 3625 652 3689 niue]
676 3625 782 3676 Deorum
799 3641 840 3676 ex-
891 3637 915 3677 et
939 3629 1007 3678 alibi.
1036 3629 1148 3688 Pesenda,
1174 3630 1233 3680 edit.
1255 3631 1349 3681 Bersm.
1371 3641 1394 3680 er

339 3699 427 3766 euplo,
441 3696 482 3764 qui
498 3699 575 3748 soient
589 3698 685 3748 veniam
700 3699 841 3748 mortalibus
891 3701 1004 3754 Poutnni.
1037 3703 1127 3753 Buris.

339 3772 485 3824 concedere:
515 3782 564 3830 eut,
582 3771 623 3838 qui
644 3773 840 3838 inegis‘prosintu
924 3777 965 3825 36.
987 3775 1019 3824 Ur
1033 3775 1108 3826 vium
1122 3779 1196 3826 medio
1210 3780 1286 3826 tristis
1300 3780 1325 3826 in
1340 3781 1394 3826 uror

339 3864 412 3914 quun
433 3847 521 3897 obsint.
562 3847 592 3896 Er
611 3849 663 3908 ipro.
691 3847 769 3895 Etiam
790 3847 844 3912 ipse'
890 3866 947 3898 meon
959 3850 1059 3914 imitus]
1077 3851 1166 3908 Tristis,
1177 3851 1208 3899 ob
1219 3851 1394 3900 restitutionem

337 3923 471 3990 Angustus.
509 3921 547 3969 nt
565 3937 704 3970 orcarumr.
727 3921 770 3970 mr
787 3936 840 3986 per·
890 3939 969 3972 meam
980 3924 1004 3972 in
1017 3925 1129 3990 petriam.

339 4005 452 4046 venturus
460 3995 486 4043 in
495 4009 620 4044 numerum
631 3993 746 4043 Deorum.
923 3999 965 4047 38.
987 3997 1043 4046 Vota
1063 3995 1184 4060 urende]
1212 3995 1314 4052 Mureti.
1336 3997 1395 4045 Sunt

371 4071 412 4120 30.
430 4069 489 4118 Cum
497 4085 567 4131 pane
578 4069 643 4116 uenio
653 4071 723 4129 plora
737 4067 840 4132 rogando
890 4071 996 4121 secunde
1011 4079 1063 4138 post
1079 4071 1156 4136 prima
1173 4084 1228 4124 ruet
1246 4079 1319 4130 vom
1341 4085 1393 4134 qun

338 4143 435 4207 mam]
454 4143 523 4191 Forte
531 4140 740 4207 wrlpwriispltffss
755 4157 839 4204 rogan·
890 4153 953 4202 suut,
968 4145 1043 4212 primo
1055 4153 1082 4193 ut
1093 4157 1189 4192 revocer
1204 4142 1235 4191 nb
1250 4143 1347 4200 exsilio.
1359 4159 1395 4192 se·

340 4219 371 4266 da
381 4217 471 4282 serum,
486 4232 528 4282 pro
542 4215 672 4276 obtineb03
689 4215 761 4264 etita
771 4215 840 4280 sem
890 4218 1002 4269 eundout
1013 4229 1040 4267 tu
1050 4218 1100 4284 ipse
1110 4215 1215 4268 exsules.
