2972 5110
343 378 409 444 520
644 377 683 443 P.
707 376 868 443 OVIDII
895 375 1104 444 NASONIS

344 551 509 650 Dignam
527 552 701 627 Maeoniis
719 551 923 626 Phaeacida
939 551 1101 626 condere
1118 553 1259 628 chartis

395 669 522 754 Quum
539 681 578 745 te
596 669 768 744 Pierides
785 668 1016 768 perdocuere
1029 679 1116 742 tuoe.
1269 747 1272 752 ,

344 785 418 860 Hic
436 797 555 876 tenor,
574 788 656 861 haec
673 786 782 860 viridi
800 785 1001 860 eoncordia
1016 795 1143 884 crepta
1154 787 1318 883 juventa

393 901 509 977 Venit
524 905 573 978 ad
591 905 762 979 albentes
781 902 996 977 illabefacta
1012 925 1152 976 comas.
1347 909 1397 976 30

344 1018 440 1103 Quae
458 1020 530 1093 nisi
548 1031 587 1095 te
604 1029 790 1107 moveant,
809 1019 903 1092 duro
922 1019 989 1091 tibi
1008 1030 1162 1116 pectora
1179 1017 1279 1092 ferro

394 1134 504 1223 Esse,
522 1137 581 1211 vel
598 1136 736 1210 invicto
754 1136 883 1210 clausa
900 1135 1098 1210 adamante
1117 1145 1261 1234 putem.

345 1251 423 1326 Sed
439 1251 543 1350 prius
561 1251 648 1325 huie
666 1251 792 1326 desint
809 1263 849 1325 et
865 1251 1007 1325 bellum
1025 1261 1064 1325 et
1081 1249 1218 1346 frigora
1236 1262 1362 1339 terrae,

395 1367 542 1441 invisus
561 1366 668 1441 nobis
687 1391 772 1465 quae
787 1367 862 1440 duo
881 1366 1027 1440 Pontus
1045 1367 1181 1456 habet;

345 1481 396 1556 Et
411 1483 563 1582 tepidus
583 1481 738 1568 Boreas,
753 1492 792 1556 et
810 1481 859 1555 sit
876 1481 1110 1580 praefrigidus
1128 1482 1290 1573 Auster;
1346 1490 1394 1558 35

394 1597 446 1672 Et
462 1600 583 1698 possit
599 1597 718 1672 fatum
735 1598 885 1671 mollius
900 1622 984 1672 esse
1002 1621 1141 1685 meum,

344 1713 468 1798 Quam
486 1727 553 1789 tua
569 1715 646 1789 sint
663 1715 769 1813 lapso
787 1713 994 1812 praecordia
1011 1713 1106 1787 dura
1122 1715 1267 1791 sodali:

394 1830 468 1906 Hie
487 1833 660 1906 cumulus
678 1831 815 1905 nostris
834 1831 946 1918 absit,
965 1831 1161 1929 abestque,
1181 1833 1307 1906 malis
1339 1847 1342 1852 “

343 1947 401 2021 Tu
419 1948 530 2021 modo
547 1971 616 2046 per
631 1947 809 2045 Superos
825 1970 984 2044 quorum
998 1946 1230 2020 certissimus
1247 1949 1312 2024 ille
1325 1959 1394 2035 est,

394 2062 479 2147 Quo
498 2073 586 2137 tuus
605 2063 761 2138 adsidue
781 2063 951 2162 principe
969 2062 1086 2136 crevit
1102 2063 1241 2154 honor;
1348 2070 1395 2137 40

344 2177 474 2268 Effice,
493 2181 679 2255 constanti
698 2179 896 2280 profugum
913 2180 1052 2279 pietate
1070 2179 1226 2267 tuendo,

394 2295 455 2371 Ne
473 2308 623 2396 sperata
640 2321 763 2372 meam
781 2298 932 2372 deserat
947 2320 1039 2371 aura
1059 2306 1189 2370 ratem.

343 2411 445 2496 Quid
458 2413 647 2500 mandem,
659 2437 824 2511 quaeras:
846 2437 1009 2512 peream,
1022 2412 1391 2500 nisidicerevixest;

394 2529 436 2602 Si
453 2529 579 2617 modo,
598 2530 665 2628 qui
682 2529 806 2628 periit,
825 2529 888 2604 ille
905 2529 1027 2630 perire
1044 2539 1180 2628 potest.

345 2644 427 2718 Nee
442 2645 535 2743 quid
546 2669 656 2744 agam
666 2646 825 2732 invenio,
838 2671 908 2720 nec
921 2646 1015 2744 quid
1028 2645 1200 2731 nolimve,
1213 2646 1392 2732 velimve;

393 2759 477 2836 Nec
497 2761 589 2836 satis
608 2763 750 2837 utilitas
768 2773 828 2837 est
843 2787 928 2838 mea
945 2773 1036 2837 nota
1053 2761 1155 2836 mihi.
1346 2766 1392 2835 46

344 2875 469 2951 Crede
487 2877 591 2966 mihi,
610 2879 766 2954 miseros
784 2881 984 2979 prudentia
1001 2881 1122 2980 prima
1138 2880 1334 2978 relinquit,

392 2989 446 3068 Et
463 3017 596 3068 sensus
614 3019 701 3070 cum
720 3018 759 3068 re
777 2995 1051 3094 consiliumque
1069 2995 1175 3093 sugit.

374 3179 416 3228 28.
430 3179 507 3235 Quum
515 3181 569 3230 Dae
577 3181 680 3232 Pierides
685 3183 841 3246 perdocuere]
893 3185 980 3234 Noster
991 3181 1021 3232 nd
1033 3183 1142 3233 Greeam
1152 3181 1270 3246 originem
1282 3181 1391 3230 manan-

342 3253 444 3310 Delesti,
460 3253 546 3320 inquit.
565 3265 589 3304 et
610 3267 636 3305 tu
658 3257 768 3322 quadam
790 3273 843 3307 meo
892 3258 930 3306 tis.
964 3257 1055 3306 Herus.
1089 3257 1178 3304 lanuto
1188 3270 1237 3303 non
1248 3263 1289 3304 est
1299 3269 1391 3303 moren-

342 3325 465 3376 admonitu
482 3329 507 3377 in
517 3328 644 3379 Phaeacido
661 3341 710 3389 tun,
721 3347 775 3397 quo
793 3341 842 3380 erat
892 3331 966 3390 dum;
984 3346 1039 3380 nam
1050 3331 1175 3378 vincuntur
1190 3327 1283 3386 omnis,
1294 3345 1347 3395 qne
1357 3325 1391 3376 rsl

343 3399 416 3464 digna
425 3410 520 3468 propter
530 3403 700 3453 sublimitatem
712 3406 842 3470 comparari
891 3404 1066 3471 vitioquodsm,
1074 3403 1112 3452 vel
1121 3401 1232 3468 temporis
1238 3401 1391 3451 diuturnitate

341 3471 449 3522 versibus
466 3475 571 3532 Homeri,
583 3485 607 3524 et
624 3477 696 3526 scribi
713 3477 738 3526 in
757 3477 842 3527 iisdem
891 3479 1054 3529 diminuuntur
1064 3487 1087 3528 st
1098 3485 1206 3544 pereunt.
1241 3477 1336 3526 Busa.

340 3546 436 3604 chartis,
456 3547 480 3596 in
501 3548 588 3614 quibus
610 3551 703 3616 scripsit
724 3553 841 3602 Homerus
923 3551 1391 3616 au.ffleennntm.]1t1=gnuscunuus

339 3638 398 3687 opus
408 3638 485 3680 suum,
496 3639 526 3672 ex
537 3640 584 3688 quo
593 3640 680 3689 magna
695 3635 732 3675 est
741 3626 839 3675 Tutica-
890 3627 921 3677 sd
933 3629 1038 3677 miserias
1048 3643 1113 3676 mets
1121 3625 1255 3680 secederet,
1268 3626 1289 3674 si
1301 3635 1325 3676 te
1337 3625 1390 3674 smi-

340 3697 364 3744 ni
376 3696 437 3754 ltus,
445 3698 513 3762 cujus
524 3697 628 3746 carmina
639 3699 771 3748 Homericis
787 3715 837 3748 car-
890 3719 945 3752 cum
956 3702 1087 3768 perderem.
1120 3701 1198 3750 Porrr.

339 3769 442 3820 minibus
452 3771 518 3838 paria
528 3769 600 3820 fuisse
611 3771 678 3821 dicit.
712 3774 807 3822 Mrcrn.
921 3777 962 3825 43.
981 3777 1033 3824 Nisi
1054 3778 1128 3824 dicero
1148 3777 1185 3822 uir
1205 3773 1260 3837 aa]
1291 3773 1392 3822 Difficili

372 3845 412 3893 82.
424 3845 513 3895 Inuicto
521 3847 599 3895 clauso
609 3848 834 3911 adamantsputm]
887 3859 922 3898 est
933 3865 1058 3916 uponere.

339 3918 403 3967 Libri
415 3919 521 3970 nonnulli
528 3929 626 3977 veteres,
634 3924 705 3968 inuito
714 3929 738 3970 ct
749 3925 836 3970 inuecto
919 3925 959 3971 ta.
972 3923 1084 3972 Etssnsus
1091 3939 1142 3970 cum
1148 3923 1343 3984 reconditamque
1342 3921 1385 3986 fs-

337 3995 472 4043 adomnia:
497 3994 560 4043 unds
584 3993 629 4044 luit
649 4011 722 4060 quum
743 3997 837 4044 inducto
888 3996 947 4062 git]
967 3995 1249 4059 Cumtptscribendnm3
1268 4010 1393 4043 namnum

336 4069 458 4117 admista
468 4085 587 4118 censerem
602 4086 653 4118 esse
667 4071 835 4135 reponendum,
889 4070 968 4119 vossii
985 4087 1037 4119 cunr
1056 4081 1086 4127 tc,
1096 4069 1204 4118 bledonii
1221 4085 1285 4118 unus
1298 4087 1350 4118 cua
1365 4085 1392 4116 se.

337 4156 401 4189 nunc
412 4151 491 4192 umen
500 4143 623 4208 vulgatam
636 4145 774 4208 scripturam
790 4159 837 4192 non
890 4145 980 4194 Hsrss.
1012 4145 1115 4194 Minime
1131 4144 1273 4193 mutandum
1289 4161 1342 4192 eun
1356 4159 1391 4189 re:

337 4229 389 4264 esse
411 4217 549 4266 mutandam
568 4217 657 4285 opinor,
676 4227 702 4266 ut
724 4217 837 4267 adluserit
887 4217 922 4268 ita
932 4219 995 4268 enim
1005 4220 1101 4269 Terent.
1113 4219 1226 4268 Eunucb.
1236 4217 1272 4266 11.
1286 4219 1326 4266 ll.
1337 4219 1367 4268 9:
