3020 5106
288 373 525 442 rursrruu
550 373 642 468 mn.
659 371 722 440 rv.
748 372 883 440 nuno.
909 374 957 440 11.
1085 375 1151 444 crs

88 547 139 622 Et
154 559 297 624 cernet
314 548 441 626 vultus
459 548 543 626 eliis
560 569 630 648 pro
647 558 816 648 tempore
832 571 975 638 versos,

136 663 354 742 Terribiles
369 667 464 755 aliis,
483 666 799 764 immemoresque
817 665 887 739 sui.

87 780 265 866 Quorum
281 807 372 882 pars
387 807 534 871 causas,
547 795 587 861 et
599 807 672 872 res,
684 791 723 858 et
735 783 889 858 nominc
903 793 1070 883 qureret:
1100 790 1149 862 25

136 897 238 974 Pars
259 899 413 987 referet,
433 900 605 998 quemvis
623 899 771 976 noverit
787 900 871 999 ipsu
886 923 1041 1000 purum:

88 1012 139 1102 Is,
159 1016 231 1114 qui
253 1017 415 1091 Sidonio
432 1015 554 1114 fulget
570 1015 743 1092 sublimis
762 1016 931 1107 inostro,

138 1131 236 1207 Dux
255 1132 383 1208 fuerat
401 1133 512 1208 belli:
541 1133 738 1233 proximus
756 1133 819 1210 ille
837 1133 947 1211 duci:

87 1245 176 1334 Hic,
194 1249 267 1346 qui
285 1273 388 1325 nunc
406 1250 444 1324 in
462 1251 577 1326 humo
596 1251 724 1326 lumen
742 1251 956 1326 miserabile
973 1251 1068 1352 figit,

138 1360 233 1438 Non
252 1364 331 1440 isto
348 1363 466 1454 vultu,
486 1390 604 1465 quum
623 1366 710 1442 tulit
727 1389 843 1454 arma,
863 1367 954 1444 suit:
1100 1375 1150 1445 30

88 1477 159 1556 Ille
177 1478 306 1567 ferox,
326 1481 447 1556 oculis
461 1492 502 1557 et
518 1483 643 1558 adhuc
658 1481 860 1558 hostilibus
878 1484 1026 1572 ardens,

140 1593 332 1672 Hortator
348 1621 486 1697 pugnae
503 1596 781 1696 consiliumque
798 1596 890 1674 fuit:

90 1709 271 1787 Perfidus
290 1713 352 1788 hic
371 1723 520 1790 nostros
538 1715 693 1790 inclusit
707 1715 838 1791 fraude
856 1717 1036 1806 locorum,
1070 1774 1072 1782 r

140 1825 349 1927 Squullida
364 1830 559 1929 promissis
578 1829 644 1929 qui
661 1831 758 1928 tegit
774 1855 840 1907 ora
857 1833 997 1910 comis:

91 1939 175 2032 Illo,
196 1945 266 2044 qui
285 1946 471 2044 sequitur,
490 1946 623 2022 dicunt
640 1959 807 2024 mactata
823 1949 994 2025 ministro
1099 1955 1150 2028 ³6

143 2060 261 2160 Saepe
280 2063 472 2138 recusanti
489 2086 649 2162 corpora
665 2075 779 2164 capta
797 2064 902 2140 Deo:

93 2174 167 2252 Hic
186 2179 310 2266 lacus,
330 2179 369 2254 hi
387 2191 548 2270 montes,
568 2181 649 2256 hoec
667 2191 726 2264 tot
743 2182 911 2268 castella,
930 2191 988 2258 tot
1006 2205 1149 2270 amnes,

143 2291 270 2368 Plena
286 2293 375 2369 ferae
393 2296 521 2382 coedis,
541 2296 655 2396 plena
671 2296 815 2372 cruoris
832 2309 961 2388 erent:

96 2407 245 2484 Drusus
264 2409 304 2484 in
322 2409 380 2484 his
399 2412 591 2510 quondam
611 2413 747 2488 meruit
760 2413 987 2512 cognomina
1001 2411 1124 2500 terris

145 2523 243 2610 Quae
261 2528 365 2602 bona
381 2527 580 2626 progenies
597 2527 714 2626 digna
731 2538 888 2626 parente
906 2525 990 2602 fuit.
1099 2531 1151 2602 40

127 2749 171 2798 2³.
191 2747 277 2798 Voltur
294 2747 387 2814 verne]
414 2747 503 2800 Vultus
524 2758 601 2800 mulc-
652 2765 744 2802 crorum
765 2749 887 2814 inlelligit,
903 2764 933 2796 ox
954 2745 1088 2798 Druidibus
1108 2745 1153 2798 ali·

96 2829 139 2878 los,
155 2837 212 2872 nrm
228 2822 272 2888 qui
290 2823 368 2888 primo
385 2823 480 2873 luerunt
499 2825 599 2880 seroces,
651 2841 731 2890 quem.
749 2824 836 2873 Scribit
843 2821 907 2874 enim
917 2823 1006 2878 Crem,
1014 2821 1074 2871 libro
1081 2821 1152 2871 Com·

96 2903 238 2946 iuncorum
256 2895 360 2946 humiles
377 2905 401 2946 et
418 2897 517 2964 abjecti.
552 2897 602 2946 Pro
648 2907 724 2950 ment.
736 2897 769 2948 vi.
781 2899 900 2948 nationem
910 2896 1016 2946 omnium
1027 2895 1153 2948 Gallorum

96 2981 200 3033 uriom.
243 2971 338 3021 liubila
365 2971 477 3038 temporis
500 2971 600 3031 ratione.
651 2989 703 3023 erse
718 2972 847 3024 admodum
861 2971 968 3022 deditum
982 2969 1151 3036 religionibus:

98 3046 159 3108 quod
170 3045 257 3112 ponet,
267 3053 294 3096 ut
306 3043 364 3094 victi
378 3045 490 3096 ferociam
502 3057 601 3114 ponent.
651 3057 724 3114 stque
741 3049 771 3112 pb
791 3063 845 3098 eom
862 3061 959 3096 cumam
979 3045 1020 3111 qui
1036 3053 1093 3096 sunt
1110 3043 1153 3096 sd-

98 3123 155 3170 Aliir
167 3137 211 3186 pro
227 3131 416 3184 temperaremus.
438 3121 491 3170 Hoc
502 3131 538 3172 ool
547 3139 600 3172 mu·
650 3123 707 3174 lecti
727 3121 873 3190 gravioribus
892 3119 988 3180 morbis,
1011 3119 1100 3186 quiquo
1127 3118 1153 3170 iu

97 3202 165 3252 tator,
176 3205 202 3245 et
213 3193 330 3262 dejectos.
358 3193 445 3244 Mslim
456 3204 599 3248 tumeam-
649 3195 1093 3264 preliispericulisqueversantur.pro
1102 3191 1153 3248 vie-

96 3279 146 3318 sror.
172 3269 266 3320 Herus.
650 3268 1152 3328 timisbomincsimmolme,uuloeimmo·

128 3345 170 3393 24.
184 3343 311 3394 Terribiles
319 3343 396 3407 alib]
409 3344 506 3404 cernet,
513 3343 601 3412 inquit,
650 3345 739 3394 laturos
755 3359 848 3400 vovero,
865 3343 1057 3410 cdminiruisque
1075 3343 1106 3392 ad
1124 3357 1154 3394 es

97 3418 198 3483 populus
219 3417 281 3468 ulios
308 3416 417 3484 captivos
438 3417 500 3468 cuci
520 3419 598 3476 vultu,
650 3417 909 3470 sacrificiaDroidibus
925 3419 972 3468 uti:
992 3417 1034 3484 qui
1051 3434 1093 3485 pro
1104 3417 1154 3468 vira

98 3501 212 3559 tanquam
228 3491 345 3544 si'ement
360 3493 469 3550 victores,
482 3493 547 3558 quod
564 3493 601 3544 bis
650 3491 762 3550 bominis,
780 3492 826 3542 nisi
842 3491 892 3540 vita
911 3491 1014 3546 bominis
1032 3491 1153 3550 reddetur,

96 3567 155 3616 soler
163 3567 270 3624 evenire,
281 3566 323 3632 qui
334 3565 372 3616 sui
380 3577 436 3618 sunt
443 3568 599 3620 immemores.
651 3583 698 3618 non
713 3582 781 3632 posse
797 3581 886 3616 numen
904 3565 1010 3616 Duorum
1031 3563 1152 3616 immortu-

127 3642 168 3690 2⁷.
178 3641 239 3696 Hic,
250 3643 292 3706 qui
302 3639 419 3706 Sidonio]
440 3641 551 3706 Μίμησις
564 3652 600 3692 est
650 3643 708 3692 lium
729 3640 820 3706 plocun'
840 3637 1024 3698 arbitrabuntur,
1044 3639 1169 3710 publice.

98 3717 253 3772 nannum,
272 3723 298 3765 et
318 3712 394 3780 digito
415 3725 599 3768 commonstrari·
650 3731 697 3782 que
712 3713 819 3780 ejusdem
832 3713 927 3779 generis
940 3713 1049 3763 instituta
1062 3713 1153 3765 babent

97 3788 168 3838 uum:
182 3789 320 3838 Hicsuersr
330 3787 546 3840 hostiumsuromus
556 3789 600 3842 im·
650 3789 774 3844 sacrificiu.
798 3789 870 3836 Msn.
908 3785 963 3846 Illo,
983 3789 1024 3852 qul
1041 3791 1153 3850 uocum.

96 3873 198 3930 penten
221 3865 306 3914 Pom.
650 3864 751 3927 Videtur
759 3861 805 3912 hoc
815 3863 868 3910 loco
876 3870 946 3926 poeta
954 3860 985 3909 ad
997 3859 1151 3917 enalludere.

127 3939 168 3987 ³³.
187 3937 284 3988 Fraude
307 3937 429 4001 locorum]
454 3937 600 3988 Germanum
650 3953 705 4004 qum
724 3937 789 4004 apud
805 3933 917 3986 Tacitum
935 3935 1076 3992 reseruntur,
1091 3932 1153 3982 libro

97 4012 245 4077 bruningum
266 4011 375 4069 denotat,
392 4011 434 4076 qui
455 4010 480 4060 in
499 4011 601 4060 bostium
650 4014 732 4080 primo,
743 4012 774 4060 de
790 4012 897 4075 ingressu
907 4006 1045 4058 Germanici
1060 4006 1085 4054 in
1103 4007 1152 4056 sul·

96 4084 194 4136 insidins
205 4084 368 4152 precipitavit
378 4085 508 4143 Roman,
521 4095 563 4138 out
576 4085 601 4136 in
651 4094 702 4136 turn
715 4082 987 4148 raceburgensem
1001 4081 1031 4129 de
1044 4079 1104 4129 lacis
1118 4080 1154 4129 lo·

98 4159 149 4209 locs
159 4160 231 4209 duxit
242 4158 338 4224 inique.
651 4175 740 4216 corum,
751 4157 815 4208 circe
828 4170 882 4220 qun
893 4155 973 4203 Varus
987 4171 1040 4204 com
1054 4151 1152 4218 legioni·

128 4237 171 4290 36.
188 4235 237 4288 luo
254 4233 383 4298 misirere]
410 4233 548 4286 Minimum
563 4249 601 4282 ss-
652 4235 697 4284 bru
706 4232 755 4284 suis
766 4230 860 4282 occisus
870 4229 956 4280 ment.
980 4230 1078 4284 Mrcru.
