3030 5108
624 159 637 194 Ι

295 386 535 456 nals‘rwrn
559 386 649 456 Llll.
674 388 703 456 Ι.
727 389 864 458 ELEG.
888 391 933 460 V.
1077 396 1144 470 loa

95 561 214 636 Causa
230 584 322 636 mea
338 572 399 636 est
415 562 559 650 melior,
579 563 645 662 qui
663 587 737 638 non
755 566 941 642 contraria
957 565 1030 640 lovi

139 677 279 768 Arma3
310 676 380 752 sed
398 678 495 752 hanc
513 677 634 752 merui
652 678 894 778 simplicitate
912 680 1052 779 fugam.

96 790 266 891 Invigiles
284 794 404 890 igitur
421 794 558 868 nostris
576 819 644 892 pro
661 796 813 874 casibus
830 820 908 884 oro,

142 909 311 984 Diminui
329 909 363 983 si
382 933 460 1008 qua
478 911 642 985 numinis
661 911 715 986 ira
732 921 871 1009 potest.

97 1022 195 1099 Scire
211 1049 321 1100 meos
340 1025 372 1098 si
390 1026 478 1122 quis
495 1049 608 1102 casus
625 1027 817 1102 desideret
833 1051 977 1114 omnes,
1091 1033 1140 1104 45

140 1139 243 1226 Plus,
264 1163 384 1238 quam
403 1141 506 1237 quod
523 1140 603 1215 fieri
621 1165 681 1216 res
699 1142 801 1228 sinit,
820 1142 884 1216 ille
901 1153 1021 1241 petat.

94 1251 163 1328 'l’ot
182 1256 282 1329 mala
308 1279 396 1328 sum
420 1277 568 1354 passus,
597 1267 691 1352 quot
711 1257 749 1328 in
773 1256 913 1330 aethere
937 1257 1061 1331 sidera
1083 1258 1139 1332 lu·

119 1444 123 1448 .
237 1381 341 1458 cent,
378 1359 381 1364 ’

142 1484 339 1585 Parvaque
358 1497 456 1584 quot
467 1488 592 1560 siccus
610 1508 769 1584 corpora
785 1486 907 1584 pulvis
925 1485 1053 1560 habet.

97 1597 290 1700 Multaque
310 1601 484 1676 credibili
501 1603 656 1677 tulimus
675 1603 830 1699 majora,
845 1611 1054 1699 ratamque,

141 1715 322 1800 Quamvis
341 1717 561 1804 acciderint,
581 1742 656 1791 non
673 1718 849 1792 habitura
864 1717 993 1791 fidem.
1092 1721 1142 1792 50

96 1827 183 1904 Pars
200 1833 317 1907 etiam
335 1856 488 1910 mecum
507 1835 681 1931 quaedam
699 1835 878 1908 moriatur
894 1843 1054 1931 oportet,

141 1945 285 2046 Meque
302 1949 418 2023 velim
432 1950 553 2048 possit
569 1949 830 2024 dissimulante
848 1949 938 2046 tegi.

99 2059 135 2132 Si
150 2086 222 2136 vox
240 2061 441 2160 infragilis,
460 2073 596 2162 pectus
613 2064 704 2137 mihi
722 2063 864 2137 firmius
883 2087 969 2150 aere,

140 2175 335 2276 Pluraque
354 2201 443 2250 cum
460 2177 598 2274 linguis
617 2178 785 2277 pluribus
803 2202 870 2252 ora
887 2177 1028 2265 forent3

63 2311 66 2314 ·
96 2289 175 2364 Non
191 2303 324 2367 tamen
343 2291 484 2366 idcirco
501 2293 772 2391 complecterer
790 2292 1068 2380 omnimorbia,
1091 2296 1140 2367 55

138 2404 305 2482 Materia
321 2405 422 2480 vires
440 2417 693 2504 exsuperante
711 2430 829 2481 meas.

95 2519 162 2594 Pro
178 2522 281 2597 duce
302 2520 464 2608 Neritio,
483 2521 598 2609 docti,
616 2523 716 2595 mala
733 2533 873 2608 nostra,
889 2532 1024 2620 poetae,
1068 2569 1075 2578 -

140 2635 330 2711 Scribite:
362 2635 509 2710 Neritio
527 2661 615 2710 nam
633 2637 733 2712 mala
746 2637 857 2735 plura
872 2636 960 2708 tuli

94 2745 156 2824 llle
172 2751 278 2826 brevi
299 2750 427 2849 spatio
445 2751 572 2826 multis
591 2751 727 2842 erravit
739 2749 782 2824 in
801 2749 908 2822 annis

136 2863 239 2943 Inter
258 2865 462 2940 Dulichias
482 2866 695 2966 Iliacasque
712 2867 868 2953 domos;
1003 2959 1008 2966 .
1092 2870 1142 2938 60

119 3097 156 3148 ⁴1.
173 3097 253 3146 Causa
268 3114 322 3146 saca
339 3097 484 3161 mastica]
504 3097 593 3166 Couju·
642 3097 746 3165 respexit
760 3094 832 3146 Iliad.
841 3092 875 3159 β’.
889 3093 964 3154 Φύνη
977 3091 998 3142 δ’
1012 3091 1143 3159 ἇρρηκτος,

92 3169 198 3220 rationem
206 3181 232 3220 et
239 3170 446 3237 conspirationem
452 3180 534 3220 conus
541 3170 593 3220 Au·
642 3173 754 3236 χαλκοῦν
769 3168 794 3219 dl
809 3185 850 3235 pus
861 3167 920 3235 ἦτορ
932 3167 1007 3230 ἐνείη,
1019 3168 1084 3234 quod
1091 3169 1142 3234 jam

91 3252 178 3305 ganum
188 3242 322 3310 iutelligit:
341 3243 373 3293 de
384 3243 482 3310 qualib.
490 3243 516 3293 ii.
526 3245 593 3295 etiii.
642 3245 683 3294 alii
699 3245 817 3294 viderunt.
839 3243 929 3292 Hsras.
962 3242 1060 3292 Homeri
1077 3243 1144 3294 heus

92 3317 186 3384 diega.
220 3319 298 3369 nasa.
641 3318 732 3368 stabilit
743 3318 864 3382 vulgatam
874 3316 1097 3375 lectionem,Ss'uos
1107 3321 1144 3367 ἰη-

119 3391 449 3455 armanoraapndamJ
466 3392 593 3457 Ingenium
634 3393 743 3458 fragilis,
752 3401 830 3455 pectas
839 3392 895 3438 mili
897 3392 995 3454 firmius
1003 3407 1056 3440 m.
1089 3391 1144 3442 Non
1175 3383 1178 3390 ’

92 3461 204 3531 iutelligit,
219 3465 288 3531 quod
306 3480 358 3530 pras
373 3463 447 3513 nimio
459 3465 539 3515 dolore
548 3482 591 3516 ne-
634 3463 812 3530 frugiltshabet
821 3461 929 3512 Francos.
938 3471 963 3512 et
971 3462 1078 3528 quinque
1086 3463 1144 3525 alii3

91 3537 137 3600 quit
151 3537 253 3604 dignum
271 3535 369 3601 aliquid
386 3551 537 3603 componeres,
548 3539 592 3588 'vel
640 3538 684 3588 sed
697 3536 816 3602 infragilis
829 3544 910 3586 recte:
928 3536 964 3586 its
980 3537 1082 3593 Plinius,
1100 3537 1143 3586 lib.

91 3621 148 3661 certe
165 3613 256 3662 fimum
275 3609 401 3676 designat,
418 3624 489 3675 quam
503 3612 591 3678 peritn-
642 3628 682 3660 xx.
698 3610 720 3657 1.
736 3612 880 3658 adornantem
896 3608 1030 3674 isffrags'lsm
1045 3613 1106 3658 ornat
1120 3615 1144 3658 al

91 3699 136 3733 ram
151 3685 211 3735 dicit
230 3686 278 3736 hsc
297 3683 380 3734 exsilii
397 3691 461 3742 uota,
479 3686 517 3734 vel
531 3686 593 3736 inter
642 3685 784 3733 atavorum
794 3681 862 3732 dicia
896 3683 984 3730 Bunss.
1175 3718 1180 3726 .

90 3755 184 3822 Scythas
193 3759 257 3808 nihil
267 3756 450 3823 componendo.
674 3759 715 3807 66.
742 3756 864 3819 Materia-J
892 3756 1013 3806 Malorum
1040 3755 1142 3822 copiam.

118 3835 157 3881 52.
174 3833 250 3882 Possit
267 3831 339 3898 lega]
359 3829 438 3879 Possit
453 3832 525 3882 celari
538 3847 593 3898 pars
642 3830 765 3880 materiam
776 3829 891 3895 appellat.

89 3901 144 3962 lec,
164 3921 220 3970 qun
246 3919 345 3954 mecum
368 3901 487 3952 morietur.
519 3905 591 3954 Μιιι.
673 3905 714 3954 67.
732 3904 780 3952 Pro
795 3905 854 3952 daos
871 3902 984 3965 Neritia]
1019 3901 1065 3949 Pro
1076 3897 1143 3962 =duco

90 3974 132 4024 Vel
142 3977 297 4044 velimposse
311 3974 427 4041 ignorari,
437 3991 476 4026 ma
489 3981 593 4028 tacente
643 3977 739 4042 Ulysse.
782 3975 826 4026 Eat
847 3984 928 4026 autem
954 3975 1050 4036 Neritus
1076 3988 1144 4022 mons

90 4048 146 4106 Qun
161 4051 205 4101 ills
221 4051 323 4108 §senna
341 4047 445 4097 liberum
465 4057 501 4098 est
513 4050 595 4110 cuivis
643 4049 767 4100 frondosus
781 4049 808 4098 iu
822 4048 900 4100 insula
912 4048 1007 4106 Ithaca,
1020 4059 1094 4110 quasa
1109 4053 1144 4094 te-

88 4124 318 4174 nostrumdirinsre.
353 4122 434 4171 Posr.
644 4124 815 4189 nuitUlysscs·
856 4183 862 4188 ,

117 4200 156 4247 53.
173 4200 199 4248 Si
212 4217 255 4249 oca
271 4195 421 4264 infragilis]
440 4195 536 4258 Homeri
550 4195 593 4246 illa
