2974 5100
278 376 349 442 EX
372 375 531 442 ΡΟΝΤΟ
556 375 646 443 LIB.
670 377 699 444 l.
717 319 868 448 burst.
892 379 940 447 11.
1055 383 1120 450 857

82 549 155 636 Qui
173 551 282 624 nasci
300 561 343 624 ut
359 575 502 649 posses,
521 553 690 649 quamvis
711 554 880 631 cecidere
897 557 1065 643 trecenti,

129 665 165 739 N
169 691 220 740 on
240 691 371 742 omnes
390 667 528 742 Fabios
543 669 697 743 abstulit
713 694 788 744 una
804 659 905 760 dies3

83 781 258 857 Forsitan
276 783 356 858 boec
374 810 397 859 a
414 786 675 881 quomittatur
690 787 849 884 epistola
867 811 1024 886 quaeras,
1095 793 1125 862 5

129 898 287 998 Quique
305 902 438 998 loquar
453 912 591 988 tecum,
609 901 743 976 certior
758 925 841 976 esse
858 904 963 978 velis.

81 1013 151 1089 Hei
169 1016 286 1089 mihi!
315 1017 407 1115 quid
424 1017 582 1092 faciam?
607 1041 748 1105 vereor,
767 1042 813 1092 ne
831 1019 979 1094 nomine
994 1020 1093 1095 lecto

128 1129 273 1220 Durus,
289 1144 328 1206 et
344 1157 474 1207 aversa
489 1144 624 1208 caetera
641 1145 766 1208 mente
784 1137 901 1231 legas.

81 1243 226 1320 Viderit
243 1249 326 1321 haec
345 1249 375 1322 si
394 1249 499 1347 quis;
529 1250 597 1324 tibi
615 1273 675 1324 me
693 1249 888 1347 scripsisse
905 1249 1011 1326 fateri

127 1361 307 1450 Audebo,
328 1373 367 1438 et
383 1365 540 1463 propriis
558 1365 783 1461 ingemuisse
801 1364 921 1440 malis.
1074 1371 1119 1440 10

81 1475 249 1569 Viderit;
282 1479 429 1553 audebo
447 1480 515 1553 tibi
533 1503 594 1554 me
612 1481 807 1577 scripsisse
824 1479 942 1566 fateri,

127 1591 260 1690 Atque
278 1595 430 1668 modum
448 1597 569 1694 culpae
587 1595 779 1670 notificare
796 1619 903 1670 meae.

84 1705 165 1795 Qui,
185 1732 309 1807 quum
325 1733 386 1784 me
404 1731 514 1808 poena
530 1711 684 1807 dignum
701 1712 868 1807 graviore
884 1711 999 1786 fuisse

129 1824 338 1912 Confitear,
356 1850 510 1924 possum
527 1827 590 1899 vix
608 1826 776 1923 graviora
793 1825 884 1924 pati.

85 1937 266 2014 Hostibus
284 1941 324 2014 in
342 1942 487 2033 mediis,
508 1942 680 2039 interque
697 1942 866 2041 pericula
881 1965 1007 2016 versor
1018 1965 1034 2030 ;Ι
1076 1947 1125 2017 15

128 2055 331 2154 Tanquam
349 2081 434 2130 cnm
452 2059 665 2157 patria'pax
683 2060 733 2132 sit
750 2059 900 2133 ademta
916 2057 1028 2133 mihi:
1047 2079 1052 2086 ·

85 2167 164 2257 Qui,
182 2172 319 2246 mortis
337 2195 435 2246 saevo
452 2173 644 2269 geminent
661 2185 703 2246 ut
716 2175 868 2248 vulnere
886 2197 1032 2258 causus,

130 2285 271 2362 Omnia
286 2287 440 2385 vipereo
453 2289 601 2387 spicula
615 2288 704 2363 selle
721 2287 843 2362 linunt
854 2280 883 2361 :'

87 2583 175 2634 Fabium
192 2586 254 2636 lucit
271 2603 361 2636 s.u.c.
379 2605 495 2640 ncexurrr.
509 2599 537 2639 ut
551 2598 576 2640 et
625 2590 774 2642 Recentioris
794 2587 904 2645 auctoris,
924 2603 971 2638 non
989 2587 1068 2638 Ovidii
1087 2595 1128 2638 est

87 2659 170 2726 lipsius
186 2661 262 2712 lecit:
281 2661 325 2710 sed
341 2662 403 2711 bunc
417 2663 489 2713 luisse
506 2663 576 2729 hujus
625 2681 678 2714 soc.
698 2665 824 2729 suficere,
843 2661 908 2728 quod
927 2677 1019 2712 sessum
1045 2661 1126 2714 reddis

87 2735 145 2785 Fabii
165 2747 257 2804 putrem
279 2737 349 2787 docet
367 2739 471 2788 Messon.
488 2739 513 2788 in
528 2739 578 2788 site
625 2737 784 2804 suspectum.'
807 2739 888 2797 Quare
900 2735 1012 2786 Heinsius
1022 2751 1051 2784 ex
1064 2734 1124 2785 duu-

88 2811 166 2861 llsidii.
198 2813 248 2868 Qui
263 2813 327 2860 santi
342 2827 467 2861 ssuuurum
483 2816 579 2862 somissis
627 2812 672 2860 bus
691 2809 798 2860 distichis
818 2824 893 2859 unum
919 2807 1052 2858 laciendum
1078 2808 1123 2858 boc

87 2887 161 2946 imples.
197 2886 248 2945 Qui
270 2884 372 2934 nominis
389 2885 577 2951 magnitudinem
626 2884 798 2934 modouenset.
825 2883 928 2932 Videris:
944 2883 1028 2930 audebo
1039 2883 1079 2930 tibi
1089 2897 1124 2930 ure

88 2972 166 3024 «ιω,
184 2977 214 3011 ec
235 2975 336 3026 superas
356 2959 427 3008 enimi
447 2959 578 3010 nobilitate.
627 2960 738 3022 scripsisse
747 2957 833 3023 fateri.
860 2957 952 3004 Audebo
970 2957 1067 3018 propriis
1086 2957 1124 3003 iu-

88 3029 127 3080 Per
139 3049 275 3084 mensuram
296 3041 376 3082 sutem
391 3033 450 3082 tanti
467 3035 577 3092 nominis,
626 3035 736 3098 gemuisse
751 3033 832 3080 mulis.-
854 3029 905 3078 Ant
928 3029 1015 3077 Videris
1032 3029 1087 3086 tm
1105 3031 1125 3076 sr'

89 3103 174 3156 lluisri
183 3106 371 3174 adpellationem
382 3107 496 3171 intellige.
629 3109 717 3170 quidem
727 3109 768 3155 tibi
778 3121 812 3154 me
823 3105 933 3166 scripsisse
933 3103 1011 3169 fateri
1022 3103 1122 3162 Audebo,

114 3183 136 3230 2.
145 3183 244 3247 Gemm]
265 3181 428 3232 Maximorum
439 3180 563 3230 familiam.
629 3191 652 3229 et
661 3183 758 3244 propriis
767 3181 899 3245 ingenuisse
909 3179 981 3225 mulis.
998 3175 1124 3242 Equidem,

115 3255 137 3304 3.
147 3257 257 3312 Quumuu
270 3257 379 3313 cecidere,
389 3255 447 3320 dre]
467 3255 535 3304 Bello
546 3255 579 3304 E·
630 3257 688 3322 qnia
697 3255 752 3304 cod.
760 3255 848 3304 Erfurt.
856 3251 1125 3318 hebetfutebor(supra·

88 3335 163 3388 busco,
175 3333 239 3399 quod
250 3337 346 3398 gestum
357 3336 393 3378 est
403 3336 484 3378 contra
492 3327 580 3377 Veien·
630 3330 717 3396 scripto
726 3329 818 3394 faters')
837 3329 949 3391 legerem,
962 3327 1073 3389 scripsisse
1081 3325 1126 3391 fu-

89 3409 126 3460 tes,
135 3421 204 3470 quum
214 3407 241 3455 in
249 3404 303 3454 acie
311 3401 434 3451 cecidisset
442 3401 474 3460 Q.
481 3401 580 3454 Fabius:
632 3407 699 3454 rebor.
733 3405 825 3452 Audebo
839 3403 1069 3466 propriis-sequens
1083 3416 1126 3450 uu·

89 3475 135 3526 side
149 3479 254 3537 Florum,
265 3477 328 3527 libro
340 3475 356 3524 i.
367 3491 419 3541 cap.
433 3477 472 3524 12.
500 3475 581 3524 Histu-
632 3487 680 3527 tem
688 3477 791 3527 delerem
798 3475 922 3524 distichon.
940 3475 1055 3540 Micyllus
1062 3475 1127 3542 prius

89 3551 139 3601 dun
154 3555 222 3604 retest
239 3551 317 3604 Ouid.
329 3550 356 3599 in
371 3551 434 3600 Fast.
445 3549 487 3599 lib.
496 3549 521 3598 ii.
532 3566 582 3600 ver.
632 3549 749 3600 distichon
772 3547 937 3612 interrogative
961 3547 1029 3612 legit,
1049 3555 1076 3596 ut
1095 3547 1127 3596 sit

91 3625 137 3674 luc.
147 3645 197 3695 sqq.
633 3624 706 3672 oratio
723 3623 861 3680 dubitantis,
881 3629 905 3671 et
922 3621 1037 3688 posterius
1058 3621 1125 3687 quasi

117 3701 139 3749 1.
149 3703 200 3752 Non
210 3701 312 3752 abstulit
321 3715 394 3747 omnes
406 3697 507 3761 Fabim]
525 3699 581 3746 Non
631 3713 673 3762 per
693 3697 880 3763 subjunctionem
902 3695 962 3746 huis
977 3695 1124 3762 respondeat.

90 3787 172 3838 prorsus
183 3791 269 3826 omnes
286 3773 373 3824 Fabios
388 3773 484 3824 delevit.
512 3772 582 3821 Unus
631 3769 743 3819 urim.

89 3847 143 3896 enirn
153 3865 180 3900 es
191 3867 220 3900 ea
231 3861 315 3916 gente,
324 3849 355 3897 ob
365 3847 511 3913 impuberem
522 3855 580 3895 seta-
666 3845 704 3894 15.
720 3845 826 3892 Hostibus
843 3846 868 3891 in
883 3843 981 3906 mediis]
998 3843 1027 3891 ln
1042 3839 1126 3889 mediis

90 3926 133 3970 tem
149 3923 210 3974 domi
227 3923 335 3979 relictus,
353 3921 491 3988 propagavit
508 3935 582 3986 genus
633 3917 709 3975 Getis,
720 3918 761 3983 qui
771 3919 854 3966 urbem
864 3916 984 3966 inlectam.

91 3995 117 4043 id
131 3997 160 4056 Q.
170 3999 282 4056 Fabium,
298 3996 341 4061 qui
356 4011 422 4044 mora
438 3993 583 4043 Annibalem
667 3993 705 4042 17.
730 3991 761 4040 Ur
778 3993 893 4056 geminent
911 4007 998 4046 miuus,
1015 3988 1073 4050 δια]
1091 3987 1127 4036 Ur

90 4066 159 4133 tregit.
310 4085 315 4093 ·
634 4065 723 4132 duplici
738 4081 811 4114 causa
826 4073 851 4114 et
861 4063 900 4111 rin
909 4063 999 4112 lethum
1010 4061 1125 4116 adferent,

118 4143 141 4193 9.
154 4145 263 4210 Vides-tt]
277 4145 358 4204 Quam
367 4143 487 4209 eleganter
494 4140 584 4191 dictum
634 4140 693 4190 lerro
702 4139 793 4190 scilicet
801 4146 825 4188 et
836 4153 933 4188 veneno.

92 4216 124 4272 tit.
134 4217 238 4284 plurimis
250 4219 324 4269 docet
335 4217 447 4267 Heinsius
459 4215 582 4282 exemplis.

732 4287 806 4334 Asa
