<?xml version="1.0" encoding="UTF-8"?>
<!DOCTYPE html PUBLIC "-//W3C//DTD XHTML 1.0 Transitional//EN"
    "http://www.w3.org/TR/xhtml1/DTD/xhtml1-transitional.dtd">
<html xmlns="http://www.w3.org/1999/xhtml" xml:lang="en" lang="en">
 <head>
  <title>
</title>
<meta http-equiv="Content-Type" content="text/html;charset=utf-8" />
  <meta name='ocr-system' content='tesseract 3.04.00' />
  <meta name='ocr-capabilities' content='ocr_page ocr_carea ocr_par ocr_line ocrx_word'/>
</head>
<body>
  <div class='ocr_page' id='page_1' title='image "./povidiinasoniso09burmgoog_0192.png"; bbox 0 0 3020 5106; ppageno 0'>
   <div class='ocr_carea' id='block_1_1' title="bbox 337 371 1095 443">
    <p class='ocr_par' dir='ltr' id='par_1_1' title="bbox 337 371 1095 443">
     <span class='ocr_line' id='line_1_1' title="bbox 337 371 1095 443; baseline -0.007 0"><span class='ocrx_word' id='word_1_1' title='bbox 337 377 403 443; x_wconf 73' lang='lat' dir='ltr'>aot</span> <span class='ocrx_word' id='word_1_2' title='bbox 451 409 459 428; x_wconf 53' lang='grc' dir='ltr'>ι</span> <span class='ocrx_word' id='word_1_3' title='bbox 630 373 671 440; x_wconf 91' lang='lat' dir='ltr'>P.</span> <span class='ocrx_word' id='word_1_4' title='bbox 694 371 855 440; x_wconf 88' lang='lat' dir='ltr'>OVIDII</span> <span class='ocrx_word' id='word_1_5' title='bbox 880 371 1095 440; x_wconf 86' lang='lat' dir='ltr'>NASONIS</span> 
     </span>
    </p>
   </div>
   <div class='ocr_carea' id='block_1_2' title="bbox 337 546 1425 3320">
    <p class='ocr_par' dir='ltr' id='par_1_2' title="bbox 337 546 1395 762">
     <span class='ocr_line' id='line_1_2' title="bbox 337 546 1395 646; baseline -0.003 -22"><span class='ocrx_word' id='word_1_6' title='bbox 337 549 476 624; x_wconf 90' lang='lat' dir='ltr'>Divitis</span> <span class='ocrx_word' id='word_1_7' title='bbox 494 547 635 646; x_wconf 82' lang='lat' dir='ltr'>ingenii</span> <span class='ocrx_word' id='word_1_8' title='bbox 653 559 713 622; x_wconf 89' lang='lat' dir='ltr'>est</span> <span class='ocrx_word' id='word_1_9' title='bbox 729 548 909 622; x_wconf 89' lang='lat' dir='ltr'>immania</span> <span class='ocrx_word' id='word_1_10' title='bbox 926 546 1091 622; x_wconf 81' lang='lat' dir='ltr'>Caesaris</span> <span class='ocrx_word' id='word_1_11' title='bbox 1109 557 1195 622; x_wconf 85' lang='lat' dir='ltr'>acta</span> <span class='ocrx_word' id='word_1_12' title='bbox 1315 551 1395 621; x_wconf 88' lang='grc'>335</span> 
     </span>
     <span class='ocr_line' id='line_1_3' title="bbox 387 663 1177 762; baseline -0.004 -23"><span class='ocrx_word' id='word_1_13' title='bbox 387 665 584 753; x_wconf 83' lang='lat' dir='ltr'>Condere3</span> <span class='ocrx_word' id='word_1_14' title='bbox 613 663 771 738; x_wconf 89' lang='lat' dir='ltr'>materia</span> <span class='ocrx_word' id='word_1_15' title='bbox 789 687 836 736; x_wconf 93' lang='lat' dir='ltr'>ne</span> <span class='ocrx_word' id='word_1_16' title='bbox 854 672 1052 762; x_wconf 88' lang='lat' dir='ltr'>superetur</span> <span class='ocrx_word' id='word_1_17' title='bbox 1066 686 1177 760; x_wconf 86' lang='lat' dir='ltr'>opus.</span> 
     </span>
    </p>

    <p class='ocr_par' dir='ltr' id='par_1_3' title="bbox 338 777 1322 994">
     <span class='ocr_line' id='line_1_4' title="bbox 338 777 1322 865; baseline -0.002 -11"><span class='ocrx_word' id='word_1_18' title='bbox 338 781 391 854; x_wconf 92' lang='lat' dir='ltr'>Et</span> <span class='ocrx_word' id='word_1_19' title='bbox 406 793 534 856; x_wconf 90' lang='lat' dir='ltr'>tamen</span> <span class='ocrx_word' id='word_1_20' title='bbox 551 805 666 855; x_wconf 88' lang='lat' dir='ltr'>ausus</span> <span class='ocrx_word' id='word_1_21' title='bbox 684 804 809 854; x_wconf 88' lang='lat' dir='ltr'>eram:</span> <span class='ocrx_word' id='word_1_22' title='bbox 839 781 907 853; x_wconf 87' lang='lat' dir='ltr'>sed</span> <span class='ocrx_word' id='word_1_23' title='bbox 925 779 1137 854; x_wconf 77' lang='lat' dir='ltr'>detrectare</span> <span class='ocrx_word' id='word_1_24' title='bbox 1153 777 1322 865; x_wconf 84' lang='lat' dir='ltr'>videbar,</span> 
     </span>
     <span class='ocr_line' id='line_1_5' title="bbox 388 894 1237 994; baseline -0.002 -24"><span class='ocrx_word' id='word_1_25' title='bbox 388 895 577 994; x_wconf 83' lang='lat' dir='ltr'>Quodque</span> <span class='ocrx_word' id='word_1_26' title='bbox 595 895 712 982; x_wconf 76' lang='lat' dir='ltr'>nesae,</span> <span class='ocrx_word' id='word_1_27' title='bbox 731 896 870 970; x_wconf 84' lang='lat' dir='ltr'>damno</span> <span class='ocrx_word' id='word_1_28' title='bbox 887 895 1028 968; x_wconf 86' lang='lat' dir='ltr'>viribus</span> <span class='ocrx_word' id='word_1_29' title='bbox 1046 918 1130 970; x_wconf 86' lang='lat' dir='ltr'>esse</span> <span class='ocrx_word' id='word_1_30' title='bbox 1149 894 1237 968; x_wconf 82' lang='lat' dir='ltr'>tuis.</span> 
     </span>
    </p>

    <p class='ocr_par' dir='ltr' id='par_1_4' title="bbox 339 1011 1296 1112">
     <span class='ocr_line' id='line_1_6' title="bbox 339 1011 1296 1112; baseline -0.003 -26"><span class='ocrx_word' id='word_1_31' title='bbox 339 1011 401 1086; x_wconf 87' lang='lat' dir='ltr'>Ad</span> <span class='ocrx_word' id='word_1_32' title='bbox 420 1013 504 1087; x_wconf 87' lang='lat' dir='ltr'>leve</span> <span class='ocrx_word' id='word_1_33' title='bbox 521 1036 649 1086; x_wconf 89' lang='lat' dir='ltr'>rursus</span> <span class='ocrx_word' id='word_1_34' title='bbox 667 1033 777 1112; x_wconf 89' lang='lat' dir='ltr'>opus,</span> <span class='ocrx_word' id='word_1_35' title='bbox 791 1012 972 1109; x_wconf 86' lang='lat' dir='ltr'>juvenilia</span> <span class='ocrx_word' id='word_1_36' title='bbox 990 1012 1169 1100; x_wconf 85' lang='lat' dir='ltr'>carmina,</span> <span class='ocrx_word' id='word_1_37' title='bbox 1187 1011 1296 1100; x_wconf 90' lang='lat' dir='ltr'>veni;</span> 
     </span>
    </p>

    <p class='ocr_par' dir='ltr' id='par_1_5' title="bbox 360 1115 1392 1228">
     <span class='ocr_line' id='line_1_7' title="bbox 360 1115 1392 1228; baseline -0.003 -26"><span class='ocrx_word' id='word_1_38' title='bbox 360 1115 364 1124; x_wconf 46' lang='lat'><strong>⁴</strong></span> <span class='ocrx_word' id='word_1_39' title='bbox 391 1127 441 1202; x_wconf 91' lang='lat' dir='ltr'>Et</span> <span class='ocrx_word' id='word_1_40' title='bbox 458 1127 553 1204; x_wconf 83' lang='lat' dir='ltr'>falso</span> <span class='ocrx_word' id='word_1_41' title='bbox 571 1129 670 1201; x_wconf 86' lang='lat' dir='ltr'>mo&#39;vi</span> <span class='ocrx_word' id='word_1_42' title='bbox 688 1137 824 1228; x_wconf 90' lang='lat' dir='ltr'>pectus</span> <span class='ocrx_word' id='word_1_43' title='bbox 843 1150 969 1202; x_wconf 90' lang='lat' dir='ltr'>amore</span> <span class='ocrx_word' id='word_1_44' title='bbox 987 1150 1128 1201; x_wconf 89' lang='lat' dir='ltr'>meum.</span> <span class='ocrx_word' id='word_1_45' title='bbox 1316 1131 1392 1199; x_wconf 90' lang='grc'>340</span> 
     </span>
    </p>

    <p class='ocr_par' dir='ltr' id='par_1_6' title="bbox 339 1241 1391 1457">
     <span class='ocr_line' id='line_1_8' title="bbox 339 1241 1391 1342; baseline -0.004 -24"><span class='ocrx_word' id='word_1_46' title='bbox 339 1243 375 1318; x_wconf 93' lang='lat' dir='ltr'>N</span> <span class='ocrx_word' id='word_1_47' title='bbox 377 1269 428 1317; x_wconf 93' lang='lat' dir='ltr'>ou</span> <span class='ocrx_word' id='word_1_48' title='bbox 445 1243 623 1342; x_wconf 83' lang='lat' dir='ltr'>equidem</span> <span class='ocrx_word' id='word_1_49' title='bbox 634 1243 787 1316; x_wconf 77' lang='lat' dir='ltr'>vellem:</span> <span class='ocrx_word' id='word_1_50' title='bbox 816 1241 884 1316; x_wconf 86' lang='lat' dir='ltr'>sed</span> <span class='ocrx_word' id='word_1_51' title='bbox 902 1266 963 1316; x_wconf 93' lang='lat' dir='ltr'>me</span> <span class='ocrx_word' id='word_1_52' title='bbox 980 1265 1067 1317; x_wconf 85' lang='lat' dir='ltr'>mea</span> <span class='ocrx_word' id='word_1_53' title='bbox 1083 1243 1165 1316; x_wconf 74' lang='lat' dir='ltr'>iata·</span> <span class='ocrx_word' id='word_1_54' title='bbox 1176 1243 1391 1327; x_wconf 82' lang='lat' dir='ltr'><strong>trahebant,</strong></span> 
     </span>
     <span class='ocr_line' id='line_1_9' title="bbox 391 1357 1155 1457; baseline -0.001 -25"><span class='ocrx_word' id='word_1_55' title='bbox 391 1358 514 1457; x_wconf 89' lang='lat' dir='ltr'>Inque</span> <span class='ocrx_word' id='word_1_56' title='bbox 533 1383 637 1433; x_wconf 88' lang='lat' dir='ltr'>meas</span> <span class='ocrx_word' id='word_1_57' title='bbox 654 1381 785 1456; x_wconf 87' lang='lat' dir='ltr'>poenas</span> <span class='ocrx_word' id='word_1_58' title='bbox 804 1357 1021 1454; x_wconf 86' lang='lat' dir='ltr'>ingeniosus</span> <span class='ocrx_word' id='word_1_59' title='bbox 1038 1381 1155 1432; x_wconf 89' lang='lat' dir='ltr'>eram.</span> 
     </span>
    </p>

    <p class='ocr_par' dir='ltr' id='par_1_7' title="bbox 339 1473 1389 1690">
     <span class='ocr_line' id='line_1_10' title="bbox 339 1473 1389 1575; baseline 0 -27"><span class='ocrx_word' id='word_1_60' title='bbox 339 1473 426 1550; x_wconf 87' lang='lat' dir='ltr'>Heu</span> <span class='ocrx_word' id='word_1_61' title='bbox 440 1475 544 1562; x_wconf 89' lang='lat' dir='ltr'>mihi,</span> <span class='ocrx_word' id='word_1_62' title='bbox 557 1475 661 1575; x_wconf 91' lang='lat' dir='ltr'>quod</span> <span class='ocrx_word' id='word_1_63' title='bbox 679 1473 809 1548; x_wconf 84' lang='lat' dir='ltr'>didici!</span> <span class='ocrx_word' id='word_1_64' title='bbox 829 1475 932 1572; x_wconf 91' lang='lat' dir='ltr'>quod</span> <span class='ocrx_word' id='word_1_65' title='bbox 945 1497 1006 1548; x_wconf 91' lang='lat' dir='ltr'>mc</span> <span class='ocrx_word' id='word_1_66' title='bbox 1018 1475 1183 1548; x_wconf 90' lang='lat' dir='ltr'>docuere</span> <span class='ocrx_word' id='word_1_67' title='bbox 1199 1485 1389 1572; x_wconf 89' lang='lat' dir='ltr'>parentes,</span> 
     </span>
     <span class='ocr_line' id='line_1_11' title="bbox 390 1590 1219 1690; baseline -0.002 -26"><span class='ocrx_word' id='word_1_68' title='bbox 390 1591 592 1690; x_wconf 56' lang='lat' dir='ltr'>liiteraque</span> <span class='ocrx_word' id='word_1_69' title='bbox 609 1603 670 1665; x_wconf 90' lang='lat' dir='ltr'>est</span> <span class='ocrx_word' id='word_1_70' title='bbox 686 1591 816 1665; x_wconf 89' lang='lat' dir='ltr'>oculos</span> <span class='ocrx_word' id='word_1_71' title='bbox 834 1590 911 1666; x_wconf 88' lang='lat' dir='ltr'>ulla</span> <span class='ocrx_word' id='word_1_72' title='bbox 928 1601 1075 1666; x_wconf 85' lang='lat' dir='ltr'>morata</span> <span class='ocrx_word' id='word_1_73' title='bbox 1091 1591 1219 1666; x_wconf 86' lang='lat' dir='ltr'>meos!</span> 
     </span>
    </p>

    <p class='ocr_par' dir='ltr' id='par_1_8' title="bbox 340 1706 1390 1930">
     <span class='ocr_line' id='line_1_12' title="bbox 340 1706 1390 1793; baseline 0 -13"><span class='ocrx_word' id='word_1_74' title='bbox 340 1707 433 1782; x_wconf 85' lang='lat' dir='ltr'>llaec</span> <span class='ocrx_word' id='word_1_75' title='bbox 452 1707 520 1782; x_wconf 88' lang='lat' dir='ltr'>tibi</span> <span class='ocrx_word' id='word_1_76' title='bbox 535 1731 596 1782; x_wconf 91' lang='lat' dir='ltr'>me</span> <span class='ocrx_word' id='word_1_77' title='bbox 613 1706 774 1780; x_wconf 88' lang='lat' dir='ltr'>invisum</span> <span class='ocrx_word' id='word_1_78' title='bbox 790 1706 944 1792; x_wconf 81' lang='lat' dir='ltr'>lascivia</span> <span class='ocrx_word' id='word_1_79' title='bbox 957 1706 1058 1792; x_wconf 86' lang='lat' dir='ltr'>lecit,</span> <span class='ocrx_word' id='word_1_80' title='bbox 1077 1708 1127 1780; x_wconf 93' lang='lat' dir='ltr'>ob</span> <span class='ocrx_word' id='word_1_81' title='bbox 1145 1717 1259 1793; x_wconf 86' lang='lat' dir='ltr'>artes,</span> <span class='ocrx_word' id='word_1_82' title='bbox 1317 1709 1390 1780; x_wconf 85' lang='grc'><strong>345</strong></span> 
     </span>
     <span class='ocr_line' id='line_1_13' title="bbox 390 1815 1369 1930; baseline -0.001 -34"><span class='ocrx_word' id='word_1_83' title='bbox 390 1823 495 1907; x_wconf 84' lang='lat' dir='ltr'>Quas</span> <span class='ocrx_word' id='word_1_84' title='bbox 512 1833 615 1897; x_wconf 90' lang='lat' dir='ltr'>ratus</span> <span class='ocrx_word' id='word_1_85' title='bbox 633 1848 675 1897; x_wconf 91' lang='lat' dir='ltr'>es</span> <span class='ocrx_word' id='word_1_86' title='bbox 692 1823 829 1897; x_wconf 86' lang='lat' dir='ltr'>vetitos</span> <span class='ocrx_word' id='word_1_87' title='bbox 846 1821 1069 1897; x_wconf 67' lang='lat' dir='ltr'>sollicitasse</span> <span class='ocrx_word' id='word_1_88' title='bbox 1086 1815 1202 1896; x_wconf 84' lang='lat' dir='ltr'>toros.</span> <span class='ocrx_word' id='word_1_89' title='bbox 1360 1912 1369 1930; x_wconf 87' lang='lat'><strong>.</strong></span> 
     </span>
    </p>

    <p class='ocr_par' dir='ltr' id='par_1_9' title="bbox 340 1937 1351 2155">
     <span class='ocr_line' id='line_1_14' title="bbox 340 1937 1351 2037; baseline 0.001 -24"><span class='ocrx_word' id='word_1_90' title='bbox 340 1939 420 2013; x_wconf 86' lang='lat' dir='ltr'>Sed</span> <span class='ocrx_word' id='word_1_91' title='bbox 437 1963 562 2037; x_wconf 89' lang='lat' dir='ltr'>neque</span> <span class='ocrx_word' id='word_1_92' title='bbox 579 1962 639 2013; x_wconf 91' lang='lat' dir='ltr'>me</span> <span class='ocrx_word' id='word_1_93' title='bbox 657 1950 784 2036; x_wconf 85' lang='lat' dir='ltr'>nuptae</span> <span class='ocrx_word' id='word_1_94' title='bbox 801 1939 1017 2013; x_wconf 88' lang='lat' dir='ltr'>didicerunt</span> <span class='ocrx_word' id='word_1_95' title='bbox 1032 1937 1131 2012; x_wconf 83' lang='lat' dir='ltr'>furta</span> <span class='ocrx_word' id='word_1_96' title='bbox 1147 1939 1351 2036; x_wconf 82' lang='lat' dir='ltr'>magistr03</span> 
     </span>
     <span class='ocr_line' id='line_1_15' title="bbox 390 2055 1304 2155; baseline 0 -25"><span class='ocrx_word' id='word_1_97' title='bbox 390 2056 578 2153; x_wconf 87' lang='lat' dir='ltr'>Quodque</span> <span class='ocrx_word' id='word_1_98' title='bbox 595 2078 729 2155; x_wconf 88' lang='lat' dir='ltr'>parum</span> <span class='ocrx_word' id='word_1_99' title='bbox 747 2056 862 2141; x_wconf 90' lang='lat' dir='ltr'>novit,</span> <span class='ocrx_word' id='word_1_100' title='bbox 880 2079 990 2128; x_wconf 89' lang='lat' dir='ltr'>uerno</span> <span class='ocrx_word' id='word_1_101' title='bbox 1008 2055 1146 2130; x_wconf 90' lang='lat' dir='ltr'>docere</span> <span class='ocrx_word' id='word_1_102' title='bbox 1164 2065 1304 2153; x_wconf 90' lang='lat' dir='ltr'>potest.</span> 
     </span>
    </p>

    <p class='ocr_par' dir='ltr' id='par_1_10' title="bbox 342 2171 1391 2365">
     <span class='ocr_line' id='line_1_16' title="bbox 342 2171 1204 2269; baseline -0.007 -23"><span class='ocrx_word' id='word_1_103' title='bbox 342 2172 406 2246; x_wconf 86' lang='lat' dir='ltr'>Sic</span> <span class='ocrx_word' id='word_1_104' title='bbox 424 2197 495 2269; x_wconf 84' lang='lat' dir='ltr'>ego</span> <span class='ocrx_word' id='word_1_105' title='bbox 512 2173 681 2259; x_wconf 83' lang='lat' dir='ltr'>delicias,</span> <span class='ocrx_word' id='word_1_106' title='bbox 700 2183 739 2246; x_wconf 85' lang='lat' dir='ltr'>et</span> <span class='ocrx_word' id='word_1_107' title='bbox 757 2173 886 2248; x_wconf 83' lang='lat' dir='ltr'>mollia</span> <span class='ocrx_word' id='word_1_108' title='bbox 902 2172 1070 2246; x_wconf 89' lang='lat' dir='ltr'>carmina</span> <span class='ocrx_word' id='word_1_109' title='bbox 1086 2171 1171 2259; x_wconf 84' lang='lat' dir='ltr'>leci,</span> <span class='ocrx_word' id='word_1_110' title='bbox 1200 2231 1204 2240; x_wconf 30' lang='lat' dir='ltr'>l</span> 
     </span>
     <span class='ocr_line' id='line_1_17' title="bbox 391 2288 1391 2365; baseline 0.003 -4"><span class='ocrx_word' id='word_1_111' title='bbox 391 2288 595 2363; x_wconf 86' lang='lat' dir='ltr'>Strinxerit</span> <span class='ocrx_word' id='word_1_112' title='bbox 612 2301 654 2362; x_wconf 93' lang='lat' dir='ltr'>ut</span> <span class='ocrx_word' id='word_1_113' title='bbox 670 2312 808 2365; x_wconf 89' lang='lat' dir='ltr'>nomen</span> <span class='ocrx_word' id='word_1_114' title='bbox 825 2288 954 2363; x_wconf 87' lang='lat' dir='ltr'>fabula</span> <span class='ocrx_word' id='word_1_115' title='bbox 971 2289 1075 2364; x_wconf 87' lang='lat' dir='ltr'>nulla</span> <span class='ocrx_word' id='word_1_116' title='bbox 1091 2313 1230 2363; x_wconf 89' lang='lat' dir='ltr'>meum.</span> <span class='ocrx_word' id='word_1_117' title='bbox 1317 2295 1391 2364; x_wconf 88' lang='grc'>350</span> 
     </span>
    </p>

    <p class='ocr_par' dir='ltr' id='par_1_11' title="bbox 342 2405 1365 2620">
     <span class='ocr_line' id='line_1_18' title="bbox 342 2405 1365 2505; baseline 0.003 -26"><span class='ocrx_word' id='word_1_118' title='bbox 342 2405 424 2480; x_wconf 90' lang='lat' dir='ltr'>Nec</span> <span class='ocrx_word' id='word_1_119' title='bbox 442 2406 645 2503; x_wconf 88' lang='lat' dir='ltr'>quisquam</span> <span class='ocrx_word' id='word_1_120' title='bbox 664 2415 723 2479; x_wconf 90' lang='lat' dir='ltr'>est</span> <span class='ocrx_word' id='word_1_121' title='bbox 740 2405 836 2479; x_wconf 88' lang='lat' dir='ltr'>adeo</span> <span class='ocrx_word' id='word_1_122' title='bbox 853 2405 980 2479; x_wconf 87' lang='lat' dir='ltr'>media</span> <span class='ocrx_word' id='word_1_123' title='bbox 997 2406 1045 2478; x_wconf 89' lang='lat' dir='ltr'>de</span> <span class='ocrx_word' id='word_1_124' title='bbox 1063 2406 1177 2505; x_wconf 83' lang='lat' dir='ltr'>plebe</span> <span class='ocrx_word' id='word_1_125' title='bbox 1194 2407 1365 2495; x_wconf 89' lang='lat' dir='ltr'>maritus,</span> 
     </span>
     <span class='ocr_line' id='line_1_19' title="bbox 392 2521 1095 2620; baseline 0.001 -25"><span class='ocrx_word' id='word_1_126' title='bbox 392 2522 447 2597; x_wconf 88' lang='lat' dir='ltr'>Ut</span> <span class='ocrx_word' id='word_1_127' title='bbox 462 2523 600 2595; x_wconf 92' lang='lat' dir='ltr'>dubius</span> <span class='ocrx_word' id='word_1_128' title='bbox 617 2521 706 2595; x_wconf 87' lang='lat' dir='ltr'>vitio</span> <span class='ocrx_word' id='word_1_129' title='bbox 724 2521 774 2594; x_wconf 91' lang='lat' dir='ltr'>sit</span> <span class='ocrx_word' id='word_1_130' title='bbox 791 2532 901 2620; x_wconf 89' lang='lat' dir='ltr'>pater</span> <span class='ocrx_word' id='word_1_131' title='bbox 917 2522 981 2596; x_wconf 86' lang='lat' dir='ltr'>ille</span> <span class='ocrx_word' id='word_1_132' title='bbox 997 2545 1095 2596; x_wconf 89' lang='lat' dir='ltr'>meo.</span> 
     </span>
    </p>

    <p class='ocr_par' dir='ltr' id='par_1_12' title="bbox 341 2633 1357 2849">
     <span class='ocr_line' id='line_1_20' title="bbox 341 2633 1270 2729; baseline -0.002 -15"><span class='ocrx_word' id='word_1_133' title='bbox 341 2639 464 2714; x_wconf 86' lang='lat' dir='ltr'>Crede</span> <span class='ocrx_word' id='word_1_134' title='bbox 483 2639 586 2726; x_wconf 91' lang='lat' dir='ltr'>mihi,</span> <span class='ocrx_word' id='word_1_135' title='bbox 606 2633 728 2712; x_wconf 87' lang='lat' dir='ltr'>mores</span> <span class='ocrx_word' id='word_1_136' title='bbox 746 2638 889 2712; x_wconf 85' lang='lat' dir='ltr'>distant</span> <span class='ocrx_word' id='word_1_137' title='bbox 906 2661 929 2712; x_wconf 91' lang='lat' dir='ltr'>a</span> <span class='ocrx_word' id='word_1_138' title='bbox 946 2637 1112 2713; x_wconf 85' lang='lat' dir='ltr'>carmine</span> <span class='ocrx_word' id='word_1_139' title='bbox 1130 2640 1270 2729; x_wconf 91' lang='lat' dir='ltr'>nostri;</span> 
     </span>
     <span class='ocr_line' id='line_1_21' title="bbox 388 2752 1357 2849; baseline 0.004 -23"><span class='ocrx_word' id='word_1_140' title='bbox 388 2754 479 2829; x_wconf 84' lang='lat' dir='ltr'>Vite</span> <span class='ocrx_word' id='word_1_141' title='bbox 494 2755 709 2830; x_wconf 86' lang='lat' dir='ltr'>verecunda</span> <span class='ocrx_word' id='word_1_142' title='bbox 726 2766 799 2840; x_wconf 90' lang='lat' dir='ltr'>est,</span> <span class='ocrx_word' id='word_1_143' title='bbox 819 2752 934 2828; x_wconf 90' lang='lat' dir='ltr'>Musa</span> <span class='ocrx_word' id='word_1_144' title='bbox 946 2755 1090 2849; x_wconf 83' lang='lat' dir='ltr'>jocosa,</span> <span class='ocrx_word' id='word_1_145' title='bbox 1111 2755 1223 2830; x_wconf 90' lang='lat' dir='ltr'>mihi:</span> <span class='ocrx_word' id='word_1_146' title='bbox 1354 2829 1357 2836; x_wconf 70' lang='grc'>,</span> 
     </span>
    </p>

    <p class='ocr_par' dir='ltr' id='par_1_13' title="bbox 341 2870 1425 3085">
     <span class='ocr_line' id='line_1_22' title="bbox 341 2870 1373 2971; baseline 0.002 -25"><span class='ocrx_word' id='word_1_147' title='bbox 341 2871 560 2970; x_wconf 83' lang='lat' dir='ltr'>Magnaque</span> <span class='ocrx_word' id='word_1_148' title='bbox 577 2895 664 2971; x_wconf 89' lang='lat' dir='ltr'>pars</span> <span class='ocrx_word' id='word_1_149' title='bbox 683 2894 841 2971; x_wconf 88' lang='lat' dir='ltr'>operum</span> <span class='ocrx_word' id='word_1_150' title='bbox 860 2871 1024 2944; x_wconf 90' lang='lat' dir='ltr'>mendax</span> <span class='ocrx_word' id='word_1_151' title='bbox 1042 2881 1080 2944; x_wconf 89' lang='lat' dir='ltr'>et</span> <span class='ocrx_word' id='word_1_152' title='bbox 1098 2870 1187 2944; x_wconf 85' lang='lat' dir='ltr'>ficta</span> <span class='ocrx_word' id='word_1_153' title='bbox 1203 2896 1373 2948; x_wconf 89' lang='lat' dir='ltr'>meorum</span> 
     </span>
     <span class='ocr_line' id='line_1_23' title="bbox 390 2975 1425 3085; baseline 0.004 -25"><span class='ocrx_word' id='word_1_154' title='bbox 390 2987 484 3062; x_wconf 87' lang='lat' dir='ltr'>Plus</span> <span class='ocrx_word' id='word_1_155' title='bbox 502 2986 575 3061; x_wconf 91' lang='lat' dir='ltr'>sibi</span> <span class='ocrx_word' id='word_1_156' title='bbox 593 2987 762 3085; x_wconf 85' lang='lat' dir='ltr'>permisit</span> <span class='ocrx_word' id='word_1_157' title='bbox 780 2987 1032 3085; x_wconf 83' lang='lat' dir='ltr'>compositore</span> <span class='ocrx_word' id='word_1_158' title='bbox 1049 3011 1130 3061; x_wconf 91' lang='lat' dir='ltr'>suo.</span> <span class='ocrx_word' id='word_1_159' title='bbox 1318 2996 1400 3075; x_wconf 68' lang='grc'><strong>356,</strong></span> <span class='ocrx_word' id='word_1_160' title='bbox 1423 2975 1425 2978; x_wconf 46' lang='grc'><strong>’</strong></span> 
     </span>
    </p>

    <p class='ocr_par' dir='ltr' id='par_1_14' title="bbox 342 3102 1390 3320">
     <span class='ocr_line' id='line_1_24' title="bbox 342 3102 1390 3206; baseline 0.003 -28"><span class='ocrx_word' id='word_1_161' title='bbox 342 3103 424 3179; x_wconf 90' lang='lat' dir='ltr'>Nec</span> <span class='ocrx_word' id='word_1_162' title='bbox 449 3103 543 3176; x_wconf 91' lang='lat' dir='ltr'>liber</span> <span class='ocrx_word' id='word_1_163' title='bbox 563 3102 742 3175; x_wconf 89' lang='lat' dir='ltr'>indicium</span> <span class='ocrx_word' id='word_1_164' title='bbox 768 3114 827 3176; x_wconf 90' lang='lat' dir='ltr'>est</span> <span class='ocrx_word' id='word_1_165' title='bbox 843 3103 969 3191; x_wconf 90' lang='lat' dir='ltr'>animi,</span> <span class='ocrx_word' id='word_1_166' title='bbox 989 3103 1058 3178; x_wconf 91' lang='lat' dir='ltr'>sed</span> <span class='ocrx_word' id='word_1_167' title='bbox 1081 3103 1240 3181; x_wconf 82' lang='lat' dir='ltr'>honesta</span> <span class='ocrx_word' id='word_1_168' title='bbox 1259 3107 1390 3206; x_wconf 91' lang='lat' dir='ltr'>volup·</span> 
     </span>
     <span class='ocr_line' id='line_1_25' title="bbox 392 3217 1389 3320; baseline 0.007 -29"><span class='ocrx_word' id='word_1_169' title='bbox 392 3219 561 3292; x_wconf 90' lang='lat' dir='ltr'>Plurima</span> <span class='ocrx_word' id='word_1_170' title='bbox 578 3217 790 3292; x_wconf 83' lang='lat' dir='ltr'>mulcendis</span> <span class='ocrx_word' id='word_1_171' title='bbox 807 3220 960 3293; x_wconf 87' lang='lat' dir='ltr'>auribus</span> <span class='ocrx_word' id='word_1_172' title='bbox 979 3231 1068 3320; x_wconf 86' lang='lat' dir='ltr'>apta</span> <span class='ocrx_word' id='word_1_173' title='bbox 1084 3219 1221 3295; x_wconf 82' lang='lat' dir='ltr'>ferens.</span> <span class='ocrx_word' id='word_1_174' title='bbox 1301 3225 1389 3320; x_wconf 73' lang='lat' dir='ltr'>[tas</span> 
     </span>
    </p>
   </div>
   <div class='ocr_carea' id='block_1_3' title="bbox 282 3472 1394 4282">
    <p class='ocr_par' dir='ltr' id='par_1_15' title="bbox 340 3472 1392 3763">
     <span class='ocr_line' id='line_1_26' title="bbox 340 3472 1392 3541; baseline 0.006 -17"><span class='ocrx_word' id='word_1_175' title='bbox 340 3472 506 3524; x_wconf 74' lang='lat' dir='ltr'>mtentandarn</span> <span class='ocrx_word' id='word_1_176' title='bbox 517 3473 574 3524; x_wconf 76' lang='lat' dir='ltr'>artis</span> <span class='ocrx_word' id='word_1_177' title='bbox 584 3475 694 3541; x_wconf 77' lang='lat' dir='ltr'>peritiam</span> <span class='ocrx_word' id='word_1_178' title='bbox 707 3483 732 3525; x_wconf 89' lang='lat' dir='ltr'>et</span> <span class='ocrx_word' id='word_1_179' title='bbox 746 3478 842 3527; x_wconf 83' lang='lat' dir='ltr'>navium</span> <span class='ocrx_word' id='word_1_180' title='bbox 891 3479 965 3528; x_wconf 81' lang='lat' dir='ltr'>seculi</span> <span class='ocrx_word' id='word_1_181' title='bbox 978 3479 1091 3528; x_wconf 80' lang='lat' dir='ltr'>Ouidiani</span> <span class='ocrx_word' id='word_1_182' title='bbox 1106 3479 1138 3528; x_wconf 81' lang='lat' dir='ltr'>sit</span> <span class='ocrx_word' id='word_1_183' title='bbox 1149 3481 1256 3528; x_wconf 82' lang='lat' dir='ltr'>verbum.</span> <span class='ocrx_word' id='word_1_184' title='bbox 1283 3481 1355 3534; x_wconf 79' lang='lat' dir='ltr'>,Usus</span> <span class='ocrx_word' id='word_1_185' title='bbox 1368 3491 1392 3530; x_wconf 83' lang='lat' dir='ltr'>et</span> 
     </span>
     <span class='ocr_line' id='line_1_27' title="bbox 341 3547 1391 3606; baseline 0.004 -8"><span class='ocrx_word' id='word_1_186' title='bbox 341 3547 498 3606; x_wconf 78' lang='lat' dir='ltr'>habilitatem,</span> <span class='ocrx_word' id='word_1_187' title='bbox 517 3548 613 3599; x_wconf 89' lang='lat' dir='ltr'>ludunt.</span> <span class='ocrx_word' id='word_1_188' title='bbox 643 3551 730 3600; x_wconf 85' lang='lat' dir='ltr'>Postea</span> <span class='ocrx_word' id='word_1_189' title='bbox 754 3555 843 3602; x_wconf 79' lang='lat' dir='ltr'>lruorr&#39;ae</span> <span class='ocrx_word' id='word_1_190' title='bbox 892 3569 921 3602; x_wconf 88' lang='lat' dir='ltr'>eo</span> <span class='ocrx_word' id='word_1_191' title='bbox 930 3553 1092 3604; x_wconf 83' lang='lat' dir='ltr'>Tertullianus</span> <span class='ocrx_word' id='word_1_192' title='bbox 1106 3571 1153 3604; x_wconf 89' lang='lat' dir='ltr'>non</span> <span class='ocrx_word' id='word_1_193' title='bbox 1166 3555 1247 3603; x_wconf 81' lang='lat' dir='ltr'>semel.</span> <span class='ocrx_word' id='word_1_194' title='bbox 1281 3555 1339 3604; x_wconf 89' lang='lat' dir='ltr'>Duo</span> <span class='ocrx_word' id='word_1_195' title='bbox 1351 3555 1391 3604; x_wconf 82' lang='lat' dir='ltr'>alii</span> 
     </span>
     <span class='ocr_line' id='line_1_28' title="bbox 342 3623 1391 3691; baseline 0.007 -18"><span class='ocrx_word' id='word_1_196' title='bbox 342 3639 415 3673; x_wconf 80' lang='lat' dir='ltr'>naves</span> <span class='ocrx_word' id='word_1_197' title='bbox 432 3623 552 3672; x_wconf 79' lang='lat' dir='ltr'>levissima</span> <span class='ocrx_word' id='word_1_198' title='bbox 569 3633 594 3673; x_wconf 88' lang='lat' dir='ltr'>et</span> <span class='ocrx_word' id='word_1_199' title='bbox 608 3625 786 3691; x_wconf 75' lang='lat' dir='ltr'>expeditissime</span> <span class='ocrx_word' id='word_1_200' title='bbox 801 3645 842 3678; x_wconf 82' lang='lat' dir='ltr'>ua·</span> <span class='ocrx_word' id='word_1_201' title='bbox 892 3631 1019 3677; x_wconf 74' lang='lat' dir='ltr'>detrectare</span> <span class='ocrx_word' id='word_1_202' title='bbox 1036 3633 1146 3688; x_wconf 56' lang='lat' dir='ltr'>veretum</span> <span class='ocrx_word' id='word_1_203' title='bbox 1164 3645 1226 3678; x_wconf 83' lang='lat' dir='ltr'>unus</span> <span class='ocrx_word' id='word_1_204' title='bbox 1242 3633 1376 3680; x_wconf 72' lang='lat' dir='ltr'>dedecorare</span> <span class='ocrx_word' id='word_1_205' title='bbox 1382 3648 1391 3690; x_wconf 84' lang='grc'>,-</span> 
     </span>
     <span class='ocr_line' id='line_1_29' title="bbox 342 3697 1212 3763; baseline 0.007 -17"><span class='ocrx_word' id='word_1_206' title='bbox 342 3698 406 3763; x_wconf 82' lang='lat' dir='ltr'>rigia</span> <span class='ocrx_word' id='word_1_207' title='bbox 416 3697 490 3746; x_wconf 82' lang='lat' dir='ltr'>dicta.</span> <span class='ocrx_word' id='word_1_208' title='bbox 525 3697 615 3747; x_wconf 80' lang='lat' dir='ltr'>Eunu.</span> <span class='ocrx_word' id='word_1_209' title='bbox 790 3711 798 3720; x_wconf 92' lang='lat'><em>·</em></span> <span class='ocrx_word' id='word_1_210' title='bbox 893 3700 955 3753; x_wconf 81' lang='lat' dir='ltr'>alius</span> <span class='ocrx_word' id='word_1_211' title='bbox 964 3706 1088 3752; x_wconf 71' lang='lat' dir='ltr'>decertare.</span> <span class='ocrx_word' id='word_1_212' title='bbox 1122 3703 1212 3752; x_wconf 74' lang='lat' dir='ltr'>Herus.</span> 
     </span>
    </p>

    <p class='ocr_par' dir='ltr' id='par_1_16' title="bbox 343 3771 1394 4132">
     <span class='ocr_line' id='line_1_30' title="bbox 375 3771 1392 3839; baseline 0.007 -19"><span class='ocrx_word' id='word_1_213' title='bbox 375 3772 431 3820; x_wconf 88' lang='grc'><strong>337.</strong></span> <span class='ocrx_word' id='word_1_214' title='bbox 448 3771 492 3820; x_wconf 72' lang='lat' dir='ltr'>Sed</span> <span class='ocrx_word' id='word_1_215' title='bbox 507 3774 633 3820; x_wconf 75' lang='lat' dir='ltr'>detrectare</span> <span class='ocrx_word' id='word_1_216' title='bbox 648 3773 761 3836; x_wconf 68' lang='lat' dir='ltr'>videbun]</span> <span class='ocrx_word' id='word_1_217' title='bbox 781 3773 842 3839; x_wconf 85' lang='lat' dir='ltr'>Sep·</span> <span class='ocrx_word' id='word_1_218' title='bbox 926 3777 983 3824; x_wconf 85' lang='grc'><strong>338.</strong></span> <span class='ocrx_word' id='word_1_219' title='bbox 1002 3777 1169 3827; x_wconf 84' lang='lat' dir='ltr'>Constructio:</span> <span class='ocrx_word' id='word_1_220' title='bbox 1193 3787 1217 3827; x_wconf 85' lang='lat' dir='ltr'>et</span> <span class='ocrx_word' id='word_1_221' title='bbox 1236 3777 1338 3827; x_wconf 80' lang='lat' dir='ltr'>videbar</span> <span class='ocrx_word' id='word_1_222' title='bbox 1358 3777 1392 3827; x_wconf 83' lang='lat' dir='ltr'>ri·</span> 
     </span>
     <span class='ocr_line' id='line_1_31' title="bbox 343 3847 1393 3916; baseline 0.003 -20"><span class='ocrx_word' id='word_1_223' title='bbox 343 3857 400 3903; x_wconf 87' lang='lat' dir='ltr'>tem,</span> <span class='ocrx_word' id='word_1_224' title='bbox 415 3855 456 3896; x_wconf 78' lang='lat' dir='ltr'>aut</span> <span class='ocrx_word' id='word_1_225' title='bbox 471 3855 524 3895; x_wconf 83' lang='lat' dir='ltr'>octo</span> <span class='ocrx_word' id='word_1_226' title='bbox 536 3855 627 3896; x_wconf 85' lang='lat' dir='ltr'>veteres</span> <span class='ocrx_word' id='word_1_227' title='bbox 644 3849 756 3896; x_wconf 79' lang='lat' dir='ltr'>delirare:</span> <span class='ocrx_word' id='word_1_228' title='bbox 773 3847 842 3912; x_wconf 88' lang='lat' dir='ltr'>prim.</span> <span class='ocrx_word' id='word_1_229' title='bbox 892 3848 957 3899; x_wconf 80' lang='lat' dir='ltr'>ribus</span> <span class='ocrx_word' id='word_1_230' title='bbox 968 3852 1015 3899; x_wconf 89' lang='lat' dir='ltr'>tuis</span> <span class='ocrx_word' id='word_1_231' title='bbox 1025 3851 1178 3910; x_wconf 81' lang='lat' dir='ltr'>damnocsse,</span> <span class='ocrx_word' id='word_1_232' title='bbox 1188 3851 1253 3916; x_wconf 90' lang='lat' dir='ltr'>quod</span> <span class='ocrx_word' id='word_1_233' title='bbox 1262 3853 1393 3902; x_wconf 79' lang='lat' dir='ltr'>neleserat.</span> 
     </span>
     <span class='ocr_line' id='line_1_32' title="bbox 343 3921 1005 3985; baseline 0.002 -15"><span class='ocrx_word' id='word_1_234' title='bbox 343 3921 415 3970; x_wconf 86' lang='lat' dir='ltr'>Polit.</span> <span class='ocrx_word' id='word_1_235' title='bbox 426 3931 450 3969; x_wconf 85' lang='lat' dir='ltr'>et</span> <span class='ocrx_word' id='word_1_236' title='bbox 460 3921 593 3985; x_wconf 77' lang='lat' dir='ltr'>Hamburg.</span> <span class='ocrx_word' id='word_1_237' title='bbox 606 3931 630 3970; x_wconf 83' lang='lat' dir='ltr'>et</span> <span class='ocrx_word' id='word_1_238' title='bbox 640 3921 742 3971; x_wconf 86' lang='lat' dir='ltr'>Putean.</span> <span class='ocrx_word' id='word_1_239' title='bbox 756 3923 842 3970; x_wconf 76' lang='lat' dir='ltr'>derect-</span> <span class='ocrx_word' id='word_1_240' title='bbox 893 3921 1005 3972; x_wconf 66' lang='lat' dir='ltr'>Hennes.</span> 
     </span>
     <span class='ocr_line' id='line_1_33' title="bbox 344 3995 1394 4063; baseline 0.004 -20"><span class='ocrx_word' id='word_1_241' title='bbox 344 4005 409 4044; x_wconf 77' lang='lat' dir='ltr'>tare:</span> <span class='ocrx_word' id='word_1_242' title='bbox 431 4009 463 4042; x_wconf 81' lang='lat' dir='ltr'>en</span> <span class='ocrx_word' id='word_1_243' title='bbox 483 4009 525 4060; x_wconf 91' lang='lat' dir='ltr'>pro</span> <span class='ocrx_word' id='word_1_244' title='bbox 542 3995 686 4055; x_wconf 76' lang='lat' dir='ltr'>ueprertmt</span> <span class='ocrx_word' id='word_1_245' title='bbox 707 4011 755 4060; x_wconf 91' lang='lat' dir='ltr'>quo</span> <span class='ocrx_word' id='word_1_246' title='bbox 772 3995 844 4043; x_wconf 86' lang='lat' dir='ltr'>verbo</span> <span class='ocrx_word' id='word_1_247' title='bbox 926 3997 982 4046; x_wconf 84' lang='grc'><strong>350.</strong></span> <span class='ocrx_word' id='word_1_248' title='bbox 1000 3997 1124 4046; x_wconf 77' lang='lat' dir='ltr'>Strlnrerr&#39;t</span> <span class='ocrx_word' id='word_1_249' title='bbox 1135 4015 1208 4047; x_wconf 82' lang='lat' dir='ltr'>meum</span> <span class='ocrx_word' id='word_1_250' title='bbox 1220 3999 1324 4063; x_wconf 75' lang='lat' dir='ltr'>nemea]</span> <span class='ocrx_word' id='word_1_251' title='bbox 1342 4000 1394 4047; x_wconf 75' lang='lat' dir='ltr'>Le·</span> 
     </span>
     <span class='ocr_line' id='line_1_34' title="bbox 344 4066 1143 4132; baseline 0.006 -16"><span class='ocrx_word' id='word_1_252' title='bbox 344 4068 434 4118; x_wconf 77' lang='lat' dir='ltr'>Paulus</span> <span class='ocrx_word' id='word_1_253' title='bbox 449 4081 514 4124; x_wconf 79' lang='lat' dir='ltr'>usus,</span> <span class='ocrx_word' id='word_1_254' title='bbox 532 4066 574 4115; x_wconf 93' lang='lat' dir='ltr'>lib.</span> <span class='ocrx_word' id='word_1_255' title='bbox 592 4067 650 4116; x_wconf 84' lang='lat' dir='ltr'>xxii.</span> <span class='ocrx_word' id='word_1_256' title='bbox 669 4067 702 4116; x_wconf 91' lang='lat' dir='ltr'>D.</span> <span class='ocrx_word' id='word_1_257' title='bbox 717 4068 748 4116; x_wconf 87' lang='lat' dir='ltr'>ad</span> <span class='ocrx_word' id='word_1_258' title='bbox 764 4066 843 4132; x_wconf 84' lang='lat' dir='ltr'>legem</span> <span class='ocrx_word' id='word_1_259' title='bbox 892 4069 948 4119; x_wconf 80' lang='lat' dir='ltr'>serit</span> <span class='ocrx_word' id='word_1_260' title='bbox 959 4084 1036 4118; x_wconf 75' lang='lat' dir='ltr'>meam</span> <span class='ocrx_word' id='word_1_261' title='bbox 1047 4071 1143 4121; x_wconf 78' lang='lat' dir='ltr'>lamam.</span> 
     </span>
    </p>

    <p class='ocr_par' dir='ltr' id='par_1_17' title="bbox 282 4141 1393 4282">
     <span class='ocr_line' id='line_1_35' title="bbox 282 4141 1393 4208; baseline 0.004 -20"><span class='ocrx_word' id='word_1_262' title='bbox 282 4185 284 4188; x_wconf 88' lang='lat'>.</span> <span class='ocrx_word' id='word_1_263' title='bbox 343 4142 475 4208; x_wconf 77' lang='lat' dir='ltr'>Aquiliam.</span> <span class='ocrx_word' id='word_1_264' title='bbox 500 4141 592 4191; x_wconf 82' lang='lat' dir='ltr'>Glosste</span> <span class='ocrx_word' id='word_1_265' title='bbox 604 4141 710 4199; x_wconf 70' lang='lat' dir='ltr'>ineditae,</span> <span class='ocrx_word' id='word_1_266' title='bbox 721 4141 842 4206; x_wconf 65' lang='lat' dir='ltr'>Depretias·</span> <span class='ocrx_word' id='word_1_267' title='bbox 925 4143 981 4192; x_wconf 78' lang='grc'><strong>356.</strong></span> <span class='ocrx_word' id='word_1_268' title='bbox 1001 4143 1221 4208; x_wconf 62' lang='lat' dir='ltr'>conpetitorem]</span> <span class='ocrx_word' id='word_1_269' title='bbox 1243 4143 1286 4194; x_wconf 84' lang='lat' dir='ltr'>Me</span> <span class='ocrx_word' id='word_1_270' title='bbox 1298 4143 1393 4200; x_wconf 78' lang='lat' dir='ltr'>ovidio,</span> 
     </span>
     <span class='ocr_line' id='line_1_36' title="bbox 344 4215 1112 4282; baseline 0.003 -18"><span class='ocrx_word' id='word_1_271' title='bbox 344 4219 363 4264; x_wconf 81' lang='lat' dir='ltr'>tt</span> <span class='ocrx_word' id='word_1_272' title='bbox 380 4215 567 4276; x_wconf 55' lang='grc' dir='ltr'>ἐλαπωθένὲες.</span> <span class='ocrx_word' id='word_1_273' title='bbox 606 4216 654 4266; x_wconf 80' lang='lat' dir='ltr'>Sed</span> <span class='ocrx_word' id='word_1_274' title='bbox 674 4216 753 4266; x_wconf 78' lang='lat' dir='ltr'>nescio</span> <span class='ocrx_word' id='word_1_275' title='bbox 772 4231 802 4266; x_wconf 82' lang='lat' dir='ltr'>ro</span> <span class='ocrx_word' id='word_1_276' title='bbox 816 4215 842 4266; x_wconf 78' lang='lat' dir='ltr'>tr</span> <span class='ocrx_word' id='word_1_277' title='bbox 893 4215 934 4278; x_wconf 86' lang='lat' dir='ltr'>qui</span> <span class='ocrx_word' id='word_1_278' title='bbox 944 4231 974 4265; x_wconf 77' lang='lat' dir='ltr'>ea</span> <span class='ocrx_word' id='word_1_279' title='bbox 984 4217 1112 4282; x_wconf 79' lang='lat' dir='ltr'>composui.</span> 
     </span>
    </p>
   </div>
   <div class='ocr_carea' id='block_1_4' title="bbox 0 0 1522 5106">
    <p class='ocr_par' dir='ltr' id='par_1_18' title="bbox 0 0 1522 5106">
     <span class='ocr_line' id='line_1_37' title="bbox 0 0 1522 5106; baseline 0 0"><span class='ocrx_word' id='word_1_280' title='bbox 0 0 1522 5106; x_wconf 95' lang='lat' dir='ltr'> </span> 
     </span>
    </p>
   </div>
  </div>
 </body>
</html>
