2974 5100
340 403 406 470 ⁴ae
629 399 669 464 P.
692 394 853 462 ovlnn
877 387 1088 458 NASONIS

344 576 477 651 Redde
493 575 633 660 vicem3
661 581 712 658 et,
732 569 910 667 qnoniam
928 564 1029 662 regio
1046 559 1192 637 felicior
1211 558 1285 631 ista
1302 565 1366 638 ast,

394 693 475 766 Illic
491 713 552 764 me
569 686 724 764 memori
740 695 893 786 pectore
910 703 1060 778 semper
1077 676 1191 750 habe.

647 1156 975 1237 EPISTOLA
1011 1151 1083 1228 XI.

793 1358 935 1426 RUFO.

347 1522 436 1598 Hoc
455 1520 536 1607 tibi,
552 1517 664 1604 Rufe,
677 1513 780 1589 brevi
798 1517 1040 1610 properatum
1056 1515 1231 1601 tempore
1249 1499 1357 1573 mittit
1448 1469 1449 1484 ἵ

396 1637 513 1725 Naso,
531 1625 999 1735 parnmfanstoeconditor
1016 1620 1131 1706 Artis,
1149 1641 1270 1717 opus:
1448 1619 1449 1624 ’

348 1755 414 1843 Ut,
433 1775 648 1853 quanquam
664 1749 776 1844 longe
793 1754 874 1818 toto
891 1763 1021 1815 snmus
1038 1735 1129 1810 orbe
1147 1729 1295 1815 remoti,

397 1869 502 1943 Scire
520 1877 646 1940 tamen
663 1861 786 1962 possis
803 1883 872 1933 nos
889 1853 1105 1932 meminisse
1122 1847 1192 1924 tui.

347 1983 520 2059 Nominis
537 1989 623 2056 ante
640 1979 715 2054 mei
727 1976 880 2052 venient
896 1970 1033 2048 oblivia
1049 1965 1172 2052 nobis,
1359 1963 1377 2030 5
1448 1995 1449 2004 κ

396 2099 556 2174 Pectore
573 2119 688 2196 qnam
704 2095 828 2195 pietas
846 2090 896 2166 sit
912 2100 978 2164 tua
992 2086 1103 2187 pulsa
1119 2103 1218 2155 meo.
1448 2073 1449 2082 ’

348 2213 399 2289 Et
413 2213 518 2315 prins
534 2213 631 2288 hanc
649 2211 814 2286 animam
830 2229 968 2282 vacuas
986 2200 1189 2278 reddemus
1207 2194 1247 2268 in
1266 2213 1376 2274 auras,

398 2329 521 2415 Quam
538 2328 604 2403 fiat
620 2325 743 2401 meriti
759 2321 880 2422 gratia
895 2343 992 2395 vana
1006 2315 1075 2390 tui.

348 2446 500 2522 Grande
506 2469 599 2520 voco
608 2445 795 2544 lacrymas
805 2431 1138 2532 meritum,quibus
1148 2450 1216 2502 ora
1225 2423 1376 2521 rigabas,

397 2561 524 2648 Quum
541 2583 627 2634 mea
642 2567 820 2634 concreto
838 2555 941 2628 sicea
956 2551 1085 2625 dolore
1101 2544 1237 2618 forent.
1341 2541 1378 2608 10
1448 2587 1449 2590 ,

349 2679 502 2754 Grande
515 2701 610 2752 voco
625 2675 812 2760 meritum,
830 2679 975 2743 moestae
993 2660 1128 2740 solatia
1143 2655 1294 2740 mentis,
1448 2651 1449 2656 ’

398 2794 525 2880 Quum
541 2792 682 2893 pariter
697 2788 806 2863 nobis
822 2786 889 2860 illa
903 2781 1049 2880 tibique
1066 2777 1190 2850 dares.

350 2913 494 3011 Sponte
504 2908 670 3008 quidem,
681 2930 749 3006 per
758 2927 876 3003 seque
890 2923 976 2975 mea
984 2907 1045 2974 est
1055 2887 1258 2968 laudabilis
1272 2906 1377 2967 uxor3

399 3024 603 3100 Admonitu
621 3023 752 3097 melior
768 3021 811 3095 fit
826 3030 954 3094 tamen
971 3014 1036 3088 illa
1048 3022 1128 3085 tuo.

351 3141 387 3214 N
390 3164 528 3238 amque
540 3138 643 3238 qnod
657 3135 881 3212 Hermiones
892 3131 1030 3206 Castor
1047 3124 1130 3210 fuit,
1145 3119 1289 3196 Hector
1302 3113 1377 3198 Iuli,

401 3255 485 3330 Hoc
502 3278 574 3352 ego
590 3265 630 3328 te
646 3255 752 3326 laetor
765 3247 935 3348 conjugis
952 3267 1038 3320 esse
1054 3263 1164 3315 meae.
1342 3233 1379 3303 16

350 3547 580 3632 prodibili.madium
590 3548 845 3614 spatinmtramrohm
896 3551 936 3600 Fit
949 3555 1036 3602 utar.
1069 3552 1191 3602 Redditur
1212 3551 1289 3616 magii
1306 3545 1381 3614 pm*

351 3621 554 3706 patiemvenia.
586 3621 845 3688 AtBnrmaanojnre
895 3623 939 3674 hoe
966 3633 1070 3692 tempore
1097 3641 1146 3691 quo
1177 3627 1209 3676 ab
1239 3624 1296 3674 mite
1320 3621 1379 3670 ahm-

350 3703 441 3744 mrito:
457 3694 589 3760 qnidocet.
601 3698 846 3760 vim-immas
894 3713 955 3749 mna.

351 3769 439 3836 sapiu
448 3767 567 3818 omiondi.
594 3769 707 3818 Hnaua.
929 3773 970 3823 lo.
981 3773 1085 3838 quue
1096 3777 1156 3838 quod
1173 3774 1298 3823 nemim
1311 3769 1380 3816 ⁶⁶⁸¹&

887 3845 963 3912 fuit]
979 3847 1108 3898 Hermione
1122 3847 1173 3896 filia
1182 3847 1229 3896 init
1238 3845 1340 3897 Ham.
1349 3855 1380 3888 w

386 3917 618 4002 intimata&
635 3916 737 3980 mie]
755 3916 845 3968 Como-
894 3920 1073 3972 rorisctstoria.
1099 3915 1382 3986 &magnanimus

352 3994 451 4042 tanam
465 3999 519 4042 tau
531 3989 650 4040 mhibitu
664 3990 809 4040 saumuro
821 4000 846 4042 sa
894 3992 940 4043 tait
949 3994 1097 4045 Hominum
1120 3991 1214 4047 'Hem
1228 3995 1288 4043 Ιώ.
1302 3991 1381 4040 neem

351 4066 846 4152 consummentimenpmptarreie·
894 4067 965 4117 trater
989 4068 1036 4118 tuit
1061 4070 1170 4127 Crem,
1196 4069 1276 4119 uxoris
1298 4065 1380 4114 ΕΜ

351 4149 479 4203 ganeam.
894 4143 1026 4191 annuemus
1040 4141 1148 4200 Ascanii.
1170 4143 1214 4207 qni
1233 4141 1305 4192 etiam
1321 4135 1380 4185 1¹1¹ss

388 4216 426 4264 14.
442 4215 565 4264 namra
584 4214 646 4277 tea]
668 4215 720 4264 Tuo
741 4212 846 4264 mnrilio.
895 4212 1093 4278 adpellatminit.
