<?xml version="1.0" encoding="UTF-8"?>
<!DOCTYPE html PUBLIC "-//W3C//DTD XHTML 1.0 Transitional//EN"
    "http://www.w3.org/TR/xhtml1/DTD/xhtml1-transitional.dtd">
<html xmlns="http://www.w3.org/1999/xhtml" xml:lang="en" lang="en">
 <head>
  <title>
</title>
<meta http-equiv="Content-Type" content="text/html;charset=utf-8" />
  <meta name='ocr-system' content='tesseract 3.04.00' />
  <meta name='ocr-capabilities' content='ocr_page ocr_carea ocr_par ocr_line ocrx_word'/>
</head>
<body>
  <div class='ocr_page' id='page_1' title='image "./povidiinasoniso09burmgoog_0417.png"; bbox 0 0 2982 5118; ppageno 0'>
   <div class='ocr_carea' id='block_1_1' title="bbox 250 403 1135 479">
    <p class='ocr_par' dir='ltr' id='par_1_1' title="bbox 250 403 1135 479">
     <span class='ocr_line' id='line_1_1' title="bbox 250 403 1135 479; baseline 0.008 -7"><span class='ocrx_word' id='word_1_1' title='bbox 250 405 323 472; x_wconf 88' lang='lat' dir='ltr'><strong>EX</strong></span> <span class='ocrx_word' id='word_1_2' title='bbox 346 403 509 474; x_wconf 69' lang='lat' dir='ltr'><strong>Ponto</strong></span> <span class='ocrx_word' id='word_1_3' title='bbox 533 403 625 472; x_wconf 86' lang='lat' dir='ltr'><strong>LIB.</strong></span> <span class='ocrx_word' id='word_1_4' title='bbox 651 405 721 473; x_wconf 91' lang='lat'>111.</span> <span class='ocrx_word' id='word_1_5' title='bbox 744 407 890 476; x_wconf 80' lang='lat' dir='ltr'><strong>EPIST.</strong></span> <span class='ocrx_word' id='word_1_6' title='bbox 916 408 979 478; x_wconf 82' lang='lat' dir='ltr'><strong>lv.</strong></span> <span class='ocrx_word' id='word_1_7' title='bbox 1065 411 1135 479; x_wconf 53' lang='lat' dir='ltr'><strong>&#39;effi</strong></span> 
     </span>
    </p>
   </div>
   <div class='ocr_carea' id='block_1_2' title="bbox 87 573 1135 1262">
    <p class='ocr_par' dir='ltr' id='par_1_2' title="bbox 87 573 1072 800">
     <span class='ocr_line' id='line_1_2' title="bbox 87 573 1032 678; baseline 0.005 -22"><span class='ocrx_word' id='word_1_8' title='bbox 87 581 173 656; x_wconf 87' lang='lat' dir='ltr'>Sint</span> <span class='ocrx_word' id='word_1_9' title='bbox 188 579 309 678; x_wconf 80' lang='lat' dir='ltr'><strong>igitur</strong></span> <span class='ocrx_word' id='word_1_10' title='bbox 324 590 450 657; x_wconf 82' lang='lat' dir='ltr'><strong>vestro</strong></span> <span class='ocrx_word' id='word_1_11' title='bbox 467 603 553 656; x_wconf 81' lang='lat' dir='ltr'><strong>mee</strong></span> <span class='ocrx_word' id='word_1_12' title='bbox 569 583 834 659; x_wconf 78' lang='lat' dir='ltr'><strong>commendate</strong></span> <span class='ocrx_word' id='word_1_13' title='bbox 849 583 965 660; x_wconf 80' lang='lat' dir='ltr'><strong>favori</strong></span> <span class='ocrx_word' id='word_1_14' title='bbox 1028 573 1032 581; x_wconf 70' lang='grc'><strong>’</strong></span> 
     </span>
     <span class='ocr_line' id='line_1_3' title="bbox 137 697 1072 800; baseline 0.005 -29"><span class='ocrx_word' id='word_1_15' title='bbox 137 697 331 786; x_wconf 82' lang='lat' dir='ltr'><strong>Carmina,</strong></span> <span class='ocrx_word' id='word_1_16' title='bbox 350 721 425 772; x_wconf 90' lang='lat' dir='ltr'><strong>non</strong></span> <span class='ocrx_word' id='word_1_17' title='bbox 439 721 595 798; x_wconf 87' lang='lat' dir='ltr'><strong>possum</strong></span> <span class='ocrx_word' id='word_1_18' title='bbox 613 723 681 798; x_wconf 90' lang='lat' dir='ltr'><strong>pro</strong></span> <span class='ocrx_word' id='word_1_19' title='bbox 698 699 839 799; x_wconf 91' lang='lat' dir='ltr'><strong>quibus</strong></span> <span class='ocrx_word' id='word_1_20' title='bbox 857 701 940 800; x_wconf 90' lang='lat' dir='ltr'><strong>ipse</strong></span> <span class='ocrx_word' id='word_1_21' title='bbox 957 701 1072 800; x_wconf 87' lang='lat' dir='ltr'><strong>loqui.</strong></span> 
     </span>
    </p>

    <p class='ocr_par' dir='ltr' id='par_1_3' title="bbox 89 813 1083 1030">
     <span class='ocr_line' id='line_1_4' title="bbox 89 813 1083 915; baseline 0.006 -29"><span class='ocrx_word' id='word_1_22' title='bbox 89 813 242 915; x_wconf 83' lang='lat' dir='ltr'>Scripta</span> <span class='ocrx_word' id='word_1_23' title='bbox 258 814 412 914; x_wconf 82' lang='lat' dir='ltr'>placent</span> <span class='ocrx_word' id='word_1_24' title='bbox 430 837 453 888; x_wconf 80' lang='lat' dir='ltr'><strong>a</strong></span> <span class='ocrx_word' id='word_1_25' title='bbox 469 823 589 888; x_wconf 89' lang='lat' dir='ltr'><strong>morte</strong></span> <span class='ocrx_word' id='word_1_26' title='bbox 606 813 706 890; x_wconf 82' lang='lat' dir='ltr'><strong>lere:</strong></span> <span class='ocrx_word' id='word_1_27' title='bbox 726 814 817 913; x_wconf 88' lang='lat' dir='ltr'><strong>quia</strong></span> <span class='ocrx_word' id='word_1_28' title='bbox 833 816 969 894; x_wconf 73' lang='lat' dir='ltr'><strong>laedere</strong></span> <span class='ocrx_word' id='word_1_29' title='bbox 980 816 1083 892; x_wconf 85' lang='lat' dir='ltr'><strong>rivos</strong></span> 
     </span>
     <span class='ocr_line' id='line_1_5' title="bbox 139 929 903 1030; baseline 0.004 -26"><span class='ocrx_word' id='word_1_30' title='bbox 139 929 263 1018; x_wconf 88' lang='lat' dir='ltr'><strong>Livor,</strong></span> <span class='ocrx_word' id='word_1_31' title='bbox 279 941 320 1006; x_wconf 90' lang='lat' dir='ltr'><strong>et</strong></span> <span class='ocrx_word' id='word_1_32' title='bbox 335 931 475 1028; x_wconf 90' lang='lat' dir='ltr'><strong>injusto</strong></span> <span class='ocrx_word' id='word_1_33' title='bbox 493 953 647 1030; x_wconf 83' lang='lat' dir='ltr'><strong>carpere</strong></span> <span class='ocrx_word' id='word_1_34' title='bbox 665 933 778 1008; x_wconf 88' lang='lat' dir='ltr'><strong>dente</strong></span> <span class='ocrx_word' id='word_1_35' title='bbox 795 932 903 1008; x_wconf 89' lang='lat' dir='ltr'><strong>solet.</strong></span> 
     </span>
    </p>

    <p class='ocr_par' dir='ltr' id='par_1_4' title="bbox 92 1045 1135 1262">
     <span class='ocr_line' id='line_1_6' title="bbox 92 1045 1135 1144; baseline 0.005 -25"><span class='ocrx_word' id='word_1_36' title='bbox 92 1046 135 1120; x_wconf 90' lang='lat' dir='ltr'><strong>Si</strong></span> <span class='ocrx_word' id='word_1_37' title='bbox 153 1051 275 1144; x_wconf 84' lang='lat' dir='ltr'><strong>genus</strong></span> <span class='ocrx_word' id='word_1_38' title='bbox 292 1057 352 1120; x_wconf 89' lang='lat' dir='ltr'><strong>est</strong></span> <span class='ocrx_word' id='word_1_39' title='bbox 368 1045 498 1120; x_wconf 92' lang='lat' dir='ltr'><strong>mortis</strong></span> <span class='ocrx_word' id='word_1_40' title='bbox 513 1047 612 1121; x_wconf 84' lang='lat' dir='ltr'><strong>male</strong></span> <span class='ocrx_word' id='word_1_41' title='bbox 624 1048 759 1136; x_wconf 87' lang='lat' dir='ltr'><strong>vivere,</strong></span> <span class='ocrx_word' id='word_1_42' title='bbox 776 1059 876 1123; x_wconf 84' lang='lat' dir='ltr'><strong>terra</strong></span> <span class='ocrx_word' id='word_1_43' title='bbox 892 1059 1067 1136; x_wconf 86' lang='lat' dir='ltr'><strong>moratur,</strong></span> <span class='ocrx_word' id='word_1_44' title='bbox 1087 1052 1135 1124; x_wconf 80' lang='lat'><strong>76</strong></span> 
     </span>
     <span class='ocr_line' id='line_1_7' title="bbox 140 1160 863 1262; baseline 0.004 -26"><span class='ocrx_word' id='word_1_45' title='bbox 140 1161 192 1236; x_wconf 86' lang='lat' dir='ltr'><strong>Et</strong></span> <span class='ocrx_word' id='word_1_46' title='bbox 207 1163 347 1237; x_wconf 82' lang='lat' dir='ltr'><strong>desunt</strong></span> <span class='ocrx_word' id='word_1_47' title='bbox 363 1160 449 1236; x_wconf 82' lang='lat' dir='ltr'><strong>fatis</strong></span> <span class='ocrx_word' id='word_1_48' title='bbox 468 1163 549 1238; x_wconf 84' lang='lat' dir='ltr'><strong>sola</strong></span> <span class='ocrx_word' id='word_1_49' title='bbox 566 1165 740 1262; x_wconf 88' lang='lat' dir='ltr'><strong>sepulcra</strong></span> <span class='ocrx_word' id='word_1_50' title='bbox 757 1163 863 1240; x_wconf 80' lang='lat' dir='ltr'><strong>meis,</strong></span> 
     </span>
    </p>
   </div>
   <div class='ocr_carea' id='block_1_3' title="bbox 88 1279 1137 2432">
    <p class='ocr_par' dir='ltr' id='par_1_5' title="bbox 88 1279 1099 1497">
     <span class='ocr_line' id='line_1_8' title="bbox 88 1279 1099 1380; baseline 0.002 -26"><span class='ocrx_word' id='word_1_51' title='bbox 88 1279 269 1378; x_wconf 89' lang='lat' dir='ltr'><strong>Denique</strong></span> <span class='ocrx_word' id='word_1_52' title='bbox 286 1304 382 1378; x_wconf 91' lang='lat' dir='ltr'><strong>opus</strong></span> <span class='ocrx_word' id='word_1_53' title='bbox 400 1288 537 1354; x_wconf 82' lang='lat' dir='ltr'><strong>noetroe</strong></span> <span class='ocrx_word' id='word_1_54' title='bbox 555 1281 729 1380; x_wconf 89' lang='lat' dir='ltr'><strong>culpetur</strong></span> <span class='ocrx_word' id='word_1_55' title='bbox 746 1292 789 1358; x_wconf 92' lang='lat' dir='ltr'><strong>ut</strong></span> <span class='ocrx_word' id='word_1_56' title='bbox 805 1281 973 1380; x_wconf 91' lang='lat' dir='ltr'><strong>undique</strong></span> <span class='ocrx_word' id='word_1_57' title='bbox 987 1305 1099 1369; x_wconf 82' lang='lat' dir='ltr'><strong>eurae,</strong></span> 
     </span>
     <span class='ocr_line' id='line_1_9' title="bbox 140 1396 920 1497; baseline 0.004 -28"><span class='ocrx_word' id='word_1_58' title='bbox 140 1396 319 1471; x_wconf 90' lang='lat' dir='ltr'><strong>Officium</strong></span> <span class='ocrx_word' id='word_1_59' title='bbox 337 1421 460 1485; x_wconf 87' lang='lat' dir='ltr'><strong>nemu,</strong></span> <span class='ocrx_word' id='word_1_60' title='bbox 477 1397 544 1495; x_wconf 95' lang='lat' dir='ltr'><strong>qui</strong></span> <span class='ocrx_word' id='word_1_61' title='bbox 561 1398 822 1497; x_wconf 89' lang='lat' dir='ltr'><strong>reprehendat,</strong></span> <span class='ocrx_word' id='word_1_62' title='bbox 838 1397 920 1473; x_wconf 89' lang='lat' dir='ltr'><strong>erit.</strong></span> 
     </span>
    </p>

    <p class='ocr_par' dir='ltr' id='par_1_6' title="bbox 89 1513 1135 1728">
     <span class='ocr_line' id='line_1_10' title="bbox 89 1513 1057 1602; baseline 0.002 -14"><span class='ocrx_word' id='word_1_63' title='bbox 89 1513 145 1588; x_wconf 92' lang='lat' dir='ltr'><strong>Ut</strong></span> <span class='ocrx_word' id='word_1_64' title='bbox 162 1515 289 1589; x_wconf 84' lang='lat' dir='ltr'><strong>desint</strong></span> <span class='ocrx_word' id='word_1_65' title='bbox 304 1515 415 1602; x_wconf 88' lang='lat' dir='ltr'><strong>vires,</strong></span> <span class='ocrx_word' id='word_1_66' title='bbox 434 1524 562 1590; x_wconf 85' lang='lat' dir='ltr'><strong>tumen</strong></span> <span class='ocrx_word' id='word_1_67' title='bbox 580 1526 640 1590; x_wconf 88' lang='lat' dir='ltr'><strong>est</strong></span> <span class='ocrx_word' id='word_1_68' title='bbox 657 1516 847 1592; x_wconf 80' lang='lat' dir='ltr'><strong>laudanda</strong></span> <span class='ocrx_word' id='word_1_69' title='bbox 863 1516 1057 1590; x_wconf 77' lang='lat' dir='ltr'><strong>voluntas:</strong></span> 
     </span>
     <span class='ocr_line' id='line_1_11' title="bbox 140 1629 1135 1728; baseline -0.001 -24"><span class='ocrx_word' id='word_1_70' title='bbox 140 1629 227 1706; x_wconf 84' lang='lat' dir='ltr'><strong>Hac</strong></span> <span class='ocrx_word' id='word_1_71' title='bbox 245 1655 317 1728; x_wconf 85' lang='lat' dir='ltr'><strong>ego</strong></span> <span class='ocrx_word' id='word_1_72' title='bbox 331 1641 528 1706; x_wconf 84' lang='lat' dir='ltr'><strong>contentos</strong></span> <span class='ocrx_word' id='word_1_73' title='bbox 544 1655 706 1728; x_wconf 82' lang='lat' dir='ltr'><strong>auguror</strong></span> <span class='ocrx_word' id='word_1_74' title='bbox 723 1655 807 1707; x_wconf 90' lang='lat' dir='ltr'><strong>esse</strong></span> <span class='ocrx_word' id='word_1_75' title='bbox 826 1631 942 1706; x_wconf 85' lang='lat' dir='ltr'>Deos.</span> <span class='ocrx_word' id='word_1_76' title='bbox 1087 1634 1135 1704; x_wconf 86' lang='lat'><strong>80</strong></span> 
     </span>
    </p>

    <p class='ocr_par' dir='ltr' id='par_1_7' title="bbox 89 1744 1133 1962">
     <span class='ocr_line' id='line_1_12' title="bbox 89 1744 1133 1847; baseline 0.001 -28"><span class='ocrx_word' id='word_1_77' title='bbox 89 1744 186 1820; x_wconf 88' lang='lat' dir='ltr'><strong>Haec</strong></span> <span class='ocrx_word' id='word_1_78' title='bbox 199 1745 303 1834; x_wconf 83' lang='lat' dir='ltr'><strong>facit,</strong></span> <span class='ocrx_word' id='word_1_79' title='bbox 317 1757 360 1820; x_wconf 89' lang='lat' dir='ltr'><strong>ut</strong></span> <span class='ocrx_word' id='word_1_80' title='bbox 372 1747 499 1822; x_wconf 86' lang='lat' dir='ltr'><strong>veniet</strong></span> <span class='ocrx_word' id='word_1_81' title='bbox 510 1771 655 1846; x_wconf 83' lang='lat' dir='ltr'><strong>pauper</strong></span> <span class='ocrx_word' id='word_1_82' title='bbox 664 1771 818 1847; x_wconf 91' lang='lat' dir='ltr'><strong>quoque</strong></span> <span class='ocrx_word' id='word_1_83' title='bbox 831 1757 959 1845; x_wconf 84' lang='lat' dir='ltr'><strong>gratus</strong></span> <span class='ocrx_word' id='word_1_84' title='bbox 974 1745 1022 1820; x_wconf 84' lang='lat' dir='ltr'><strong>ud</strong></span> <span class='ocrx_word' id='word_1_85' title='bbox 1038 1769 1133 1833; x_wconf 83' lang='lat' dir='ltr'><strong>eras,</strong></span> 
     </span>
     <span class='ocr_line' id='line_1_13' title="bbox 142 1861 947 1962; baseline 0 -26"><span class='ocrx_word' id='word_1_86' title='bbox 142 1861 193 1936; x_wconf 89' lang='lat' dir='ltr'><strong>Et</strong></span> <span class='ocrx_word' id='word_1_87' title='bbox 210 1864 361 1962; x_wconf 83' lang='lat' dir='ltr'><strong>placeat</strong></span> <span class='ocrx_word' id='word_1_88' title='bbox 377 1887 476 1938; x_wconf 84' lang='lat' dir='ltr'><strong>caeso</strong></span> <span class='ocrx_word' id='word_1_89' title='bbox 494 1888 569 1938; x_wconf 88' lang='lat' dir='ltr'><strong>non</strong></span> <span class='ocrx_word' id='word_1_90' title='bbox 583 1864 707 1940; x_wconf 87' lang='lat' dir='ltr'><strong>minus</strong></span> <span class='ocrx_word' id='word_1_91' title='bbox 724 1888 822 1962; x_wconf 80' lang='lat' dir='ltr'><strong>agua</strong></span> <span class='ocrx_word' id='word_1_92' title='bbox 838 1865 947 1938; x_wconf 84' lang='lat' dir='ltr'><strong>bove.</strong></span> 
     </span>
    </p>

    <p class='ocr_par' dir='ltr' id='par_1_8' title="bbox 91 1979 1119 2194">
     <span class='ocr_line' id='line_1_14' title="bbox 91 1979 1119 2079; baseline 0 -27"><span class='ocrx_word' id='word_1_93' title='bbox 91 1979 172 2055; x_wconf 89' lang='lat' dir='ltr'><strong>Res</strong></span> <span class='ocrx_word' id='word_1_94' title='bbox 189 2003 346 2078; x_wconf 92' lang='lat' dir='ltr'><strong>quoque</strong></span> <span class='ocrx_word' id='word_1_95' title='bbox 363 1989 468 2055; x_wconf 80' lang='lat' dir='ltr'><strong>tenta</strong></span> <span class='ocrx_word' id='word_1_96' title='bbox 485 1979 567 2068; x_wconf 80' lang='lat' dir='ltr'><strong>tuit,</strong></span> <span class='ocrx_word' id='word_1_97' title='bbox 580 1993 732 2079; x_wconf 82' lang='lat' dir='ltr'><strong>quantae</strong></span> <span class='ocrx_word' id='word_1_98' title='bbox 749 1980 956 2056; x_wconf 83' lang='lat' dir='ltr'><strong>subsistere</strong></span> <span class='ocrx_word' id='word_1_99' title='bbox 973 2002 1119 2054; x_wconf 86' lang='lat' dir='ltr'><strong>summo</strong></span> 
     </span>
     <span class='ocr_line' id='line_1_15' title="bbox 142 2095 812 2194; baseline 0.006 -25"><span class='ocrx_word' id='word_1_100' title='bbox 142 2095 285 2170; x_wconf 83' lang='lat' dir='ltr'><strong>Iliados</strong></span> <span class='ocrx_word' id='word_1_101' title='bbox 301 2097 377 2171; x_wconf 82' lang='lat' dir='ltr'><strong>vati</strong></span> <span class='ocrx_word' id='word_1_102' title='bbox 395 2098 537 2194; x_wconf 84' lang='lat' dir='ltr'><strong>grande</strong></span> <span class='ocrx_word' id='word_1_103' title='bbox 555 2097 689 2173; x_wconf 88' lang='lat' dir='ltr'><strong>fuisset</strong></span> <span class='ocrx_word' id='word_1_104' title='bbox 704 2122 812 2174; x_wconf 86' lang='lat' dir='ltr'><strong>onus.</strong></span> 
     </span>
    </p>

    <p class='ocr_par' dir='ltr' id='par_1_9' title="bbox 93 2212 1137 2432">
     <span class='ocr_line' id='line_1_16' title="bbox 93 2212 1137 2312; baseline 0 -26"><span class='ocrx_word' id='word_1_105' title='bbox 93 2212 205 2289; x_wconf 87' lang='lat' dir='ltr'><strong>Ferre</strong></span> <span class='ocrx_word' id='word_1_106' title='bbox 223 2213 338 2287; x_wconf 88' lang='lat' dir='ltr'><strong>etiam</strong></span> <span class='ocrx_word' id='word_1_107' title='bbox 356 2215 488 2288; x_wconf 83' lang='lat' dir='ltr'><strong>molles</strong></span> <span class='ocrx_word' id='word_1_108' title='bbox 501 2215 599 2312; x_wconf 82' lang='lat' dir='ltr'><strong>elegi</strong></span> <span class='ocrx_word' id='word_1_109' title='bbox 618 2225 696 2290; x_wconf 81' lang='lat' dir='ltr'><strong>tam</strong></span> <span class='ocrx_word' id='word_1_110' title='bbox 708 2227 817 2290; x_wconf 84' lang='lat' dir='ltr'><strong>vasta</strong></span> <span class='ocrx_word' id='word_1_111' title='bbox 833 2212 1012 2311; x_wconf 90' lang='lat' dir='ltr'><strong>triumphi</strong></span> <span class='ocrx_word' id='word_1_112' title='bbox 1089 2215 1137 2286; x_wconf 86' lang='lat'><strong>86</strong></span> 
     </span>
     <span class='ocr_line' id='line_1_17' title="bbox 142 2323 936 2432; baseline 0.003 -30"><span class='ocrx_word' id='word_1_113' title='bbox 142 2323 320 2404; x_wconf 78' lang='lat' dir='ltr'><strong>Pondere</strong></span> <span class='ocrx_word' id='word_1_114' title='bbox 336 2327 550 2429; x_wconf 83' lang='lat' dir='ltr'><strong>disparibus</strong></span> <span class='ocrx_word' id='word_1_115' title='bbox 567 2355 642 2407; x_wconf 90' lang='lat' dir='ltr'><strong>non</strong></span> <span class='ocrx_word' id='word_1_116' title='bbox 659 2343 815 2432; x_wconf 87' lang='lat' dir='ltr'><strong>potuere</strong></span> <span class='ocrx_word' id='word_1_117' title='bbox 832 2330 936 2404; x_wconf 92' lang='lat' dir='ltr'><strong>rotis.</strong></span> 
     </span>
    </p>
   </div>
   <div class='ocr_carea' id='block_1_4' title="bbox 92 2633 1143 4394">
    <p class='ocr_par' dir='ltr' id='par_1_10' title="bbox 92 2633 1143 4394">
     <span class='ocr_line' id='line_1_18' title="bbox 123 2633 1137 2706; baseline -0.004 -20"><span class='ocrx_word' id='word_1_118' title='bbox 123 2635 165 2687; x_wconf 84' lang='lat'><strong>7⁵.</strong></span> <span class='ocrx_word' id='word_1_119' title='bbox 178 2635 252 2686; x_wconf 77' lang='lat' dir='ltr'><strong>Terra</strong></span> <span class='ocrx_word' id='word_1_120' title='bbox 260 2639 388 2703; x_wconf 61' lang='lat' dir='ltr'><strong>muratum]</strong></span> <span class='ocrx_word' id='word_1_121' title='bbox 401 2638 541 2704; x_wconf 82' lang='lat' dir='ltr'><strong>Sepulcrum</strong></span> <span class='ocrx_word' id='word_1_122' title='bbox 552 2655 591 2689; x_wconf 89' lang='lat' dir='ltr'><strong>me</strong></span> <span class='ocrx_word' id='word_1_123' title='bbox 640 2638 784 2706; x_wconf 81' lang='lat' dir='ltr'><strong>empleribur</strong></span> <span class='ocrx_word' id='word_1_124' title='bbox 794 2638 895 2704; x_wconf 80' lang='lat' dir='ltr'><strong>legatur,</strong></span> <span class='ocrx_word' id='word_1_125' title='bbox 903 2644 929 2685; x_wconf 83' lang='lat' dir='ltr'><strong>et</strong></span> <span class='ocrx_word' id='word_1_126' title='bbox 938 2633 1035 2701; x_wconf 82' lang='lat' dir='ltr'><strong>quidem</strong></span> <span class='ocrx_word' id='word_1_127' title='bbox 1044 2633 1137 2684; x_wconf 82' lang='lat' dir='ltr'><strong>rectius.</strong></span> 
     </span>
     <span class='ocr_line' id='line_1_19' title="bbox 92 2709 1137 2779; baseline -0.004 -18"><span class='ocrx_word' id='word_1_128' title='bbox 92 2719 223 2777; x_wconf 72' lang='lat' dir='ltr'><strong>exspectnt.</strong></span> <span class='ocrx_word' id='word_1_129' title='bbox 640 2714 687 2764; x_wconf 83' lang='lat' dir='ltr'><strong>Sed</strong></span> <span class='ocrx_word' id='word_1_130' title='bbox 704 2713 768 2779; x_wconf 86' lang='lat' dir='ltr'><strong>quod</strong></span> <span class='ocrx_word' id='word_1_131' title='bbox 784 2727 878 2762; x_wconf 87' lang='lat' dir='ltr'><strong>monere</strong></span> <span class='ocrx_word' id='word_1_132' title='bbox 894 2709 1063 2778; x_wconf 84' lang='lat' dir='ltr'><strong>propemodum</strong></span> <span class='ocrx_word' id='word_1_133' title='bbox 1080 2723 1137 2774; x_wconf 78' lang='lat' dir='ltr'><strong>ueg-</strong></span> 
     </span>
     <span class='ocr_line' id='line_1_20' title="bbox 122 2782 1138 2854; baseline -0.001 -21"><span class='ocrx_word' id='word_1_134' title='bbox 122 2786 162 2836; x_wconf 87' lang='grc'><strong>77.</strong></span> <span class='ocrx_word' id='word_1_135' title='bbox 180 2787 245 2850; x_wconf 77' lang='lat' dir='ltr'><strong>Opus</strong></span> <span class='ocrx_word' id='word_1_136' title='bbox 263 2795 344 2835; x_wconf 72' lang='lat' dir='ltr'><strong>nostre</strong></span> <span class='ocrx_word' id='word_1_137' title='bbox 361 2786 443 2851; x_wconf 61' lang='lat' dir='ltr'><strong>cura]</strong></span> <span class='ocrx_word' id='word_1_138' title='bbox 462 2787 530 2854; x_wconf 83' lang='lat' dir='ltr'><strong>Opus</strong></span> <span class='ocrx_word' id='word_1_139' title='bbox 546 2787 591 2838; x_wconf 87' lang='lat' dir='ltr'><strong>lroe</strong></span> <span class='ocrx_word' id='word_1_140' title='bbox 641 2786 756 2847; x_wconf 71' lang='lat' dir='ltr'><strong>luseram,</strong></span> <span class='ocrx_word' id='word_1_141' title='bbox 774 2786 858 2836; x_wconf 85' lang='lat' dir='ltr'><strong>iisdem</strong></span> <span class='ocrx_word' id='word_1_142' title='bbox 874 2784 980 2836; x_wconf 73' lang='lat' dir='ltr'><strong>versibus</strong></span> <span class='ocrx_word' id='word_1_143' title='bbox 995 2799 1077 2833; x_wconf 69' lang='lat' dir='ltr'><strong>nurus</strong></span> <span class='ocrx_word' id='word_1_144' title='bbox 1093 2782 1138 2832; x_wconf 71' lang='grc' dir='ltr'><strong>ἰω-</strong></span> 
     </span>
     <span class='ocr_line' id='line_1_21' title="bbox 92 2859 1140 2928; baseline -0.003 -20"><span class='ocrx_word' id='word_1_145' title='bbox 92 2859 121 2908; x_wconf 90' lang='lat' dir='ltr'><strong>de</strong></span> <span class='ocrx_word' id='word_1_146' title='bbox 134 2859 256 2928; x_wconf 81' lang='lat' dir='ltr'><strong>triumpho</strong></span> <span class='ocrx_word' id='word_1_147' title='bbox 274 2859 300 2908; x_wconf 90' lang='lat' dir='ltr'><strong>in</strong></span> <span class='ocrx_word' id='word_1_148' title='bbox 318 2876 366 2925; x_wconf 81' lang='lat' dir='ltr'><strong>quo</strong></span> <span class='ocrx_word' id='word_1_149' title='bbox 383 2875 493 2926; x_wconf 75' lang='lat' dir='ltr'><strong>megum</strong></span> <span class='ocrx_word' id='word_1_150' title='bbox 511 2877 592 2912; x_wconf 81' lang='lat' dir='ltr'><strong>curem</strong></span> <span class='ocrx_word' id='word_1_151' title='bbox 641 2861 753 2912; x_wconf 70' lang='lat' dir='ltr'><strong>&lt;linimus</strong></span> <span class='ocrx_word' id='word_1_152' title='bbox 776 2860 883 2918; x_wconf 73' lang='lat' dir='ltr'><strong>inheret,</strong></span> <span class='ocrx_word' id='word_1_153' title='bbox 904 2874 977 2926; x_wconf 89' lang='lat' dir='ltr'><strong>quum</strong></span> <span class='ocrx_word' id='word_1_154' title='bbox 1003 2871 1046 2925; x_wconf 83' lang='lat' dir='ltr'><strong>pre</strong></span> <span class='ocrx_word' id='word_1_155' title='bbox 1067 2860 1140 2920; x_wconf 67' lang='lat' dir='ltr'><strong>manr</strong></span> 
     </span>
     <span class='ocr_line' id='line_1_22' title="bbox 93 2931 1140 3000; baseline -0.003 -18"><span class='ocrx_word' id='word_1_156' title='bbox 93 2933 200 2983; x_wconf 81' lang='lat' dir='ltr'><strong>edhibui.</strong></span> <span class='ocrx_word' id='word_1_157' title='bbox 642 2939 742 2985; x_wconf 76' lang='lat' dir='ltr'><strong>nunnius</strong></span> <span class='ocrx_word' id='word_1_158' title='bbox 758 2944 822 2984; x_wconf 77' lang='lat' dir='ltr'><strong>met</strong></span> <span class='ocrx_word' id='word_1_159' title='bbox 839 2933 1001 3000; x_wconf 82' lang='lat' dir='ltr'><strong>reponendum</strong></span> <span class='ocrx_word' id='word_1_160' title='bbox 1017 2931 1050 2980; x_wconf 86' lang='lat' dir='ltr'><strong>sit</strong></span> <span class='ocrx_word' id='word_1_161' title='bbox 1066 2935 1140 2996; x_wconf 63' lang='lat' dir='ltr'><strong>major</strong></span> 
     </span>
     <span class='ocr_line' id='line_1_23' title="bbox 121 3005 1141 3072; baseline -0.003 -15"><span class='ocrx_word' id='word_1_162' title='bbox 121 3010 162 3058; x_wconf 75' lang='lat' dir='ltr'><strong>se.</strong></span> <span class='ocrx_word' id='word_1_163' title='bbox 179 3009 290 3057; x_wconf 76' lang='lat' dir='ltr'><strong>AEner&#39;rloe</strong></span> <span class='ocrx_word' id='word_1_164' title='bbox 311 3009 381 3072; x_wconf 71' lang='lat' dir='ltr'><strong>vati]</strong></span> <span class='ocrx_word' id='word_1_165' title='bbox 401 3010 515 3060; x_wconf 77' lang='lat' dir='ltr'><strong>AEmdue</strong></span> <span class='ocrx_word' id='word_1_166' title='bbox 532 3027 594 3062; x_wconf 75' lang='lat' dir='ltr'><strong>unus</strong></span> <span class='ocrx_word' id='word_1_167' title='bbox 645 3010 764 3068; x_wconf 70' lang='lat' dir='ltr'><strong>Nimius,-</strong></span> <span class='ocrx_word' id='word_1_168' title='bbox 784 3016 811 3058; x_wconf 91' lang='lat' dir='ltr'><strong>ut</strong></span> <span class='ocrx_word' id='word_1_169' title='bbox 829 3007 928 3056; x_wconf 84' lang='lat' dir='ltr'><strong>flurium</strong></span> <span class='ocrx_word' id='word_1_170' title='bbox 945 3006 995 3072; x_wconf 73' lang='lat' dir='ltr'><strong>egri</strong></span> <span class='ocrx_word' id='word_1_171' title='bbox 1013 3005 1141 3058; x_wconf 74' lang='lat' dir='ltr'><strong>Mummi</strong></span> 
     </span>
     <span class='ocr_line' id='line_1_24' title="bbox 93 3079 1140 3151; baseline -0.002 -19"><span class='ocrx_word' id='word_1_172' title='bbox 93 3081 231 3132; x_wconf 66' lang='lat' dir='ltr'><strong>voremus.</strong></span> <span class='ocrx_word' id='word_1_173' title='bbox 251 3081 316 3130; x_wconf 80' lang='lat' dir='ltr'><strong>Puto</strong></span> <span class='ocrx_word' id='word_1_174' title='bbox 326 3081 413 3131; x_wconf 82' lang='lat' dir='ltr'><strong>Iliudnr</strong></span> <span class='ocrx_word' id='word_1_175' title='bbox 424 3087 480 3132; x_wconf 79' lang='lat' dir='ltr'><strong>nati.</strong></span> <span class='ocrx_word' id='word_1_176' title='bbox 498 3085 593 3151; x_wconf 85' lang='lat' dir='ltr'><strong>Quippe</strong></span> <span class='ocrx_word' id='word_1_177' title='bbox 643 3083 749 3149; x_wconf 82' lang='lat' dir='ltr'><strong>posuerit</strong></span> <span class='ocrx_word' id='word_1_178' title='bbox 768 3098 811 3148; x_wconf 79' lang='lat' dir='ltr'><strong>pru</strong></span> <span class='ocrx_word' id='word_1_179' title='bbox 831 3080 884 3148; x_wconf 80' lang='lat' dir='ltr'><strong>ipre</strong></span> <span class='ocrx_word' id='word_1_180' title='bbox 903 3081 1015 3128; x_wconf 67' lang='lat' dir='ltr'><strong>Mantus.</strong></span> <span class='ocrx_word' id='word_1_181' title='bbox 1048 3079 1140 3130; x_wconf 77' lang='lat' dir='ltr'><strong>Hune.</strong></span> 
     </span>
     <span class='ocr_line' id='line_1_25' title="bbox 93 3152 1139 3224; baseline -0.003 -20"><span class='ocrx_word' id='word_1_182' title='bbox 93 3163 117 3204; x_wconf 88' lang='lat' dir='ltr'><strong>ut</strong></span> <span class='ocrx_word' id='word_1_183' title='bbox 127 3171 249 3204; x_wconf 79' lang='lat' dir='ltr'><strong>summum</strong></span> <span class='ocrx_word' id='word_1_184' title='bbox 260 3164 340 3204; x_wconf 82' lang='lat' dir='ltr'><strong>ratem</strong></span> <span class='ocrx_word' id='word_1_185' title='bbox 348 3155 476 3220; x_wconf 73' lang='lat' dir='ltr'><strong>virgilium</strong></span> <span class='ocrx_word' id='word_1_186' title='bbox 486 3158 593 3224; x_wconf 79' lang='lat' dir='ltr'><strong>edpellu-</strong></span> <span class='ocrx_word' id='word_1_187' title='bbox 643 3159 758 3208; x_wconf 77' lang='lat' dir='ltr'><strong>AEneidoe.</strong></span> <span class='ocrx_word' id='word_1_188' title='bbox 776 3157 861 3206; x_wconf 74' lang='lat' dir='ltr'><strong>Iliaden</strong></span> <span class='ocrx_word' id='word_1_189' title='bbox 871 3163 940 3221; x_wconf 79' lang='lat' dir='ltr'><strong>putet</strong></span> <span class='ocrx_word' id='word_1_190' title='bbox 949 3152 1069 3211; x_wconf 75' lang='lat' dir='ltr'><strong>Heinsius,</strong></span> <span class='ocrx_word' id='word_1_191' title='bbox 1076 3153 1139 3219; x_wconf 88' lang='lat' dir='ltr'><strong>quod</strong></span> 
     </span>
     <span class='ocr_line' id='line_1_26' title="bbox 92 3228 1140 3298; baseline -0.002 -20"><span class='ocrx_word' id='word_1_192' title='bbox 92 3229 128 3286; x_wconf 88' lang='lat' dir='ltr'><strong>rit,</strong></span> <span class='ocrx_word' id='word_1_193' title='bbox 148 3239 224 3296; x_wconf 80' lang='lat' dir='ltr'><strong>etque</strong></span> <span class='ocrx_word' id='word_1_194' title='bbox 242 3229 305 3280; x_wconf 77' lang='lat' dir='ltr'><strong>eden</strong></span> <span class='ocrx_word' id='word_1_195' title='bbox 321 3229 366 3296; x_wconf 79' lang='lat' dir='ltr'><strong>ipsi</strong></span> <span class='ocrx_word' id='word_1_196' title='bbox 385 3231 489 3282; x_wconf 80' lang='lat' dir='ltr'><strong>Homero</strong></span> <span class='ocrx_word' id='word_1_197' title='bbox 505 3241 593 3298; x_wconf 72' lang='lat' dir='ltr'><strong>protn-</strong></span> <span class='ocrx_word' id='word_1_198' title='bbox 642 3231 688 3298; x_wconf 77' lang='lat' dir='ltr'><strong>ipsi</strong></span> <span class='ocrx_word' id='word_1_199' title='bbox 705 3232 745 3282; x_wconf 85' lang='lat' dir='ltr'><strong>vix</strong></span> <span class='ocrx_word' id='word_1_200' title='bbox 764 3230 890 3282; x_wconf 81' lang='lat' dir='ltr'><strong>verisimile</strong></span> <span class='ocrx_word' id='word_1_201' title='bbox 906 3228 1008 3284; x_wconf 82' lang='lat' dir='ltr'><strong>ridetur,</strong></span> <span class='ocrx_word' id='word_1_202' title='bbox 1028 3236 1056 3276; x_wconf 92' lang='lat' dir='ltr'><strong>ut</strong></span> <span class='ocrx_word' id='word_1_203' title='bbox 1076 3243 1140 3276; x_wconf 77' lang='lat' dir='ltr'><strong>sum·</strong></span> 
     </span>
     <span class='ocr_line' id='line_1_27' title="bbox 93 3299 1140 3368; baseline -0.004 -15"><span class='ocrx_word' id='word_1_204' title='bbox 93 3303 152 3362; x_wconf 84' lang='lat' dir='ltr'><strong>ierit,</strong></span> <span class='ocrx_word' id='word_1_205' title='bbox 172 3303 214 3354; x_wconf 78' lang='lat' dir='ltr'><strong>vix</strong></span> <span class='ocrx_word' id='word_1_206' title='bbox 236 3303 265 3352; x_wconf 89' lang='lat' dir='ltr'><strong>lit</strong></span> <span class='ocrx_word' id='word_1_207' title='bbox 283 3301 417 3354; x_wconf 82' lang='lat' dir='ltr'><strong>verisimile.</strong></span> <span class='ocrx_word' id='word_1_208' title='bbox 451 3305 515 3356; x_wconf 84' lang='lat' dir='ltr'><strong>Nem</strong></span> <span class='ocrx_word' id='word_1_209' title='bbox 536 3305 593 3354; x_wconf 83' lang='lat' dir='ltr'><strong>Pro-</strong></span> <span class='ocrx_word' id='word_1_210' title='bbox 642 3321 708 3355; x_wconf 88' lang='lat' dir='ltr'><strong>mum</strong></span> <span class='ocrx_word' id='word_1_211' title='bbox 723 3315 802 3356; x_wconf 75' lang='lat' dir='ltr'><strong>retem</strong></span> <span class='ocrx_word' id='word_1_212' title='bbox 812 3303 939 3368; x_wconf 75' lang='lat' dir='ltr'><strong>Virgilium</strong></span> <span class='ocrx_word' id='word_1_213' title='bbox 956 3299 1140 3366; x_wconf 54' lang='lat' dir='ltr'><strong>&amp;pellentur-</strong></span> 
     </span>
     <span class='ocr_line' id='line_1_28' title="bbox 93 3373 1141 3446; baseline -0.004 -18"><span class='ocrx_word' id='word_1_214' title='bbox 93 3379 233 3444; x_wconf 80' lang='lat' dir='ltr'><strong>pertieuum-</strong></span> <span class='ocrx_word' id='word_1_215' title='bbox 248 3377 320 3435; x_wconf 87' lang='lat' dir='ltr'><strong>illud,</strong></span> <span class='ocrx_word' id='word_1_216' title='bbox 343 3379 425 3428; x_wconf 77' lang='lat' dir='ltr'><strong>Nescio</strong></span> <span class='ocrx_word' id='word_1_217' title='bbox 445 3381 499 3443; x_wconf 77' lang='lat' dir='ltr'><strong>quid</strong></span> <span class='ocrx_word' id='word_1_218' title='bbox 520 3384 594 3444; x_wconf 76' lang='lat' dir='ltr'><strong>mrp&#39;ue</strong></span> <span class='ocrx_word' id='word_1_219' title='bbox 643 3395 689 3445; x_wconf 85' lang='lat' dir='ltr'><strong>que</strong></span> <span class='ocrx_word' id='word_1_220' title='bbox 700 3379 760 3428; x_wconf 76' lang='lat' dir='ltr'><strong>eden</strong></span> <span class='ocrx_word' id='word_1_221' title='bbox 771 3379 815 3446; x_wconf 78' lang='lat' dir='ltr'><strong>ipsi</strong></span> <span class='ocrx_word' id='word_1_222' title='bbox 825 3377 928 3428; x_wconf 87' lang='lat' dir='ltr'><strong>Homero</strong></span> <span class='ocrx_word' id='word_1_223' title='bbox 938 3373 1141 3440; x_wconf 67' lang='lat' dir='ltr'><strong>protuleritrque</strong></span> 
     </span>
     <span class='ocr_line' id='line_1_29' title="bbox 94 3447 1141 3518; baseline -0.006 -14"><span class='ocrx_word' id='word_1_224' title='bbox 94 3458 196 3504; x_wconf 74' lang='lat' dir='ltr'><strong>sarcitur</strong></span> <span class='ocrx_word' id='word_1_225' title='bbox 218 3451 304 3510; x_wconf 75' lang='lat' dir='ltr'><strong>Iliade,</strong></span> <span class='ocrx_word' id='word_1_226' title='bbox 323 3451 425 3504; x_wconf 73' lang='lat' dir='ltr'><strong>viventis</strong></span> <span class='ocrx_word' id='word_1_227' title='bbox 444 3453 523 3504; x_wconf 79' lang='lat' dir='ltr'><strong>edhue</strong></span> <span class='ocrx_word' id='word_1_228' title='bbox 537 3453 593 3505; x_wconf 89' lang='lat' dir='ltr'><strong>Vir·</strong></span> <span class='ocrx_word' id='word_1_229' title='bbox 644 3454 740 3518; x_wconf 86' lang='lat' dir='ltr'><strong>quidem</strong></span> <span class='ocrx_word' id='word_1_230' title='bbox 759 3452 849 3501; x_wconf 82' lang='lat' dir='ltr'><strong>mtione</strong></span> <span class='ocrx_word' id='word_1_231' title='bbox 867 3449 971 3499; x_wconf 85' lang='lat' dir='ltr'><strong>nondum</strong></span> <span class='ocrx_word' id='word_1_232' title='bbox 989 3447 1097 3506; x_wconf 82' lang='lat' dir='ltr'><strong>ducerer.</strong></span> <span class='ocrx_word' id='word_1_233' title='bbox 1114 3457 1141 3498; x_wconf 91' lang='lat' dir='ltr'><strong>ut</strong></span> 
     </span>
     <span class='ocr_line' id='line_1_30' title="bbox 93 3521 1141 3592; baseline -0.004 -16"><span class='ocrx_word' id='word_1_234' title='bbox 93 3527 141 3592; x_wconf 76' lang='lat' dir='ltr'><strong>gilii</strong></span> <span class='ocrx_word' id='word_1_235' title='bbox 157 3527 258 3578; x_wconf 77' lang='lat' dir='ltr'><strong>nuribus</strong></span> <span class='ocrx_word' id='word_1_236' title='bbox 274 3526 358 3576; x_wconf 79' lang='lat' dir='ltr'><strong>dutum</strong></span> <span class='ocrx_word' id='word_1_237' title='bbox 376 3535 421 3577; x_wconf 83' lang='lat' dir='ltr'><strong>eet.</strong></span> <span class='ocrx_word' id='word_1_238' title='bbox 454 3527 551 3578; x_wconf 81' lang='lat' dir='ltr'><strong>Deinde</strong></span> <span class='ocrx_word' id='word_1_239' title='bbox 565 3529 594 3578; x_wconf 65' lang='grc' dir='ltr'><strong>τὸ</strong></span> <span class='ocrx_word' id='word_1_240' title='bbox 644 3527 793 3588; x_wconf 71' lang='lat' dir='ltr'><strong>porrigerem.</strong></span> <span class='ocrx_word' id='word_1_241' title='bbox 826 3525 890 3572; x_wconf 83' lang='lat' dir='ltr'><strong>Nem</strong></span> <span class='ocrx_word' id='word_1_242' title='bbox 903 3537 1002 3572; x_wconf 71' lang='lat' dir='ltr'><strong>nemer</strong></span> <span class='ocrx_word' id='word_1_243' title='bbox 1015 3521 1141 3572; x_wconf 71' lang='lat' dir='ltr'><strong>idemure</strong></span> 
     </span>
     <span class='ocr_line' id='line_1_31' title="bbox 94 3595 1143 3668; baseline -0.005 -18"><span class='ocrx_word' id='word_1_244' title='bbox 94 3601 426 3666; x_wconf 68' lang='lat' dir='ltr'><strong>AEueilmseennduyllebs</strong></span> <span class='ocrx_word' id='word_1_245' title='bbox 433 3601 594 3668; x_wconf 55' lang='lat' dir='ltr'><strong>eorrepmvix</strong></span> <span class='ocrx_word' id='word_1_246' title='bbox 644 3609 777 3667; x_wconf 74' lang='lat' dir='ltr'><strong>potestne</strong></span> <span class='ocrx_word' id='word_1_247' title='bbox 797 3597 866 3648; x_wconf 83' lang='lat' dir='ltr'><strong>mlde</strong></span> <span class='ocrx_word' id='word_1_248' title='bbox 882 3599 967 3654; x_wconf 64' lang='lat' dir='ltr'><strong>benun</strong></span> <span class='ocrx_word' id='word_1_249' title='bbox 984 3595 1095 3654; x_wconf 77' lang='lat' dir='ltr'><strong>eximius,</strong></span> <span class='ocrx_word' id='word_1_250' title='bbox 1115 3605 1143 3646; x_wconf 87' lang='lat' dir='ltr'><strong>ut</strong></span> 
     </span>
     <span class='ocr_line' id='line_1_32' title="bbox 95 3669 1142 3742; baseline -0.006 -16"><span class='ocrx_word' id='word_1_251' title='bbox 95 3675 139 3740; x_wconf 76' lang='lat' dir='ltr'><strong>legi</strong></span> <span class='ocrx_word' id='word_1_252' title='bbox 157 3675 224 3742; x_wconf 70' lang='lat' dir='ltr'><strong>apud</strong></span> <span class='ocrx_word' id='word_1_253' title='bbox 245 3675 313 3733; x_wconf 78' lang='lat' dir='ltr'><strong>elios,</strong></span> <span class='ocrx_word' id='word_1_254' title='bbox 332 3675 378 3724; x_wconf 83' lang='lat' dir='ltr'><strong>nisi</strong></span> <span class='ocrx_word' id='word_1_255' title='bbox 396 3676 461 3742; x_wconf 85' lang='lat' dir='ltr'><strong>qnod</strong></span> <span class='ocrx_word' id='word_1_256' title='bbox 479 3676 505 3726; x_wconf 91' lang='lat' dir='ltr'><strong>in</strong></span> <span class='ocrx_word' id='word_1_257' title='bbox 521 3676 595 3726; x_wconf 84' lang='lat' dir='ltr'><strong>reteri</strong></span> <span class='ocrx_word' id='word_1_258' title='bbox 645 3675 693 3722; x_wconf 78' lang='lat' dir='ltr'><strong>elia</strong></span> <span class='ocrx_word' id='word_1_259' title='bbox 713 3672 900 3740; x_wconf 63' lang='lat' dir='ltr'><strong>pretermittam,</strong></span> <span class='ocrx_word' id='word_1_260' title='bbox 921 3685 975 3736; x_wconf 74' lang='lat' dir='ltr'><strong>qun</strong></span> <span class='ocrx_word' id='word_1_261' title='bbox 995 3669 1021 3718; x_wconf 83' lang='lat' dir='ltr'><strong>in</strong></span> <span class='ocrx_word' id='word_1_262' title='bbox 1047 3677 1142 3736; x_wconf 83' lang='lat' dir='ltr'><strong>promtu</strong></span> 
     </span>
     <span class='ocr_line' id='line_1_33' title="bbox 93 3742 1141 3818; baseline -0.008 -19"><span class='ocrx_word' id='word_1_263' title='bbox 93 3751 263 3818; x_wconf 68' lang='lat' dir='ltr'><strong>epigrammate</strong></span> <span class='ocrx_word' id='word_1_264' title='bbox 280 3749 389 3798; x_wconf 72' lang='lat' dir='ltr'><strong>Maronis</strong></span> <span class='ocrx_word' id='word_1_265' title='bbox 408 3749 519 3800; x_wconf 80' lang='lat' dir='ltr'><strong>leudibus</strong></span> <span class='ocrx_word' id='word_1_266' title='bbox 538 3750 595 3800; x_wconf 77' lang='lat' dir='ltr'><strong>dete</strong></span> <span class='ocrx_word' id='word_1_267' title='bbox 644 3756 868 3812; x_wconf 69' lang='lat' dir='ltr'><strong>ruutmgumente.</strong></span> <span class='ocrx_word' id='word_1_268' title='bbox 895 3745 1071 3794; x_wconf 80' lang='lat' dir='ltr'><strong>Altereeutem</strong></span> <span class='ocrx_word' id='word_1_269' title='bbox 1081 3742 1141 3792; x_wconf 68' lang='lat' dir='ltr'><strong>ratio</strong></span> 
     </span>
     <span class='ocr_line' id='line_1_34' title="bbox 94 3816 1141 3890; baseline -0.006 -18"><span class='ocrx_word' id='word_1_270' title='bbox 94 3823 166 3872; x_wconf 73' lang='lat' dir='ltr'><strong>eudes</strong></span> <span class='ocrx_word' id='word_1_271' title='bbox 191 3821 374 3887; x_wconf 69' lang='lat' dir='ltr'><strong>antiquissimus</strong></span> <span class='ocrx_word' id='word_1_272' title='bbox 400 3823 498 3872; x_wconf 85' lang='lat' dir='ltr'><strong>exhibet</strong></span> <span class='ocrx_word' id='word_1_273' title='bbox 522 3823 594 3890; x_wconf 78' lang='lat' dir='ltr'><strong>scrip</strong></span> <span class='ocrx_word' id='word_1_274' title='bbox 645 3821 737 3886; x_wconf 73' lang='lat' dir='ltr'><strong>gravior</strong></span> <span class='ocrx_word' id='word_1_275' title='bbox 750 3816 1141 3887; x_wconf 76' lang='lat' dir='ltr'><strong>est‚quisrdAEneidor,secunde</strong></span> 
     </span>
     <span class='ocr_line' id='line_1_35' title="bbox 97 3890 1138 3961; baseline -0.009 -13"><span class='ocrx_word' id='word_1_276' title='bbox 97 3907 160 3948; x_wconf 82' lang='lat' dir='ltr'><strong>tum:</strong></span> <span class='ocrx_word' id='word_1_277' title='bbox 645 3895 741 3959; x_wconf 73' lang='lat' dir='ltr'><strong>ryllebn</strong></span> <span class='ocrx_word' id='word_1_278' title='bbox 765 3904 879 3961; x_wconf 77' lang='lat' dir='ltr'><strong>correpte,</strong></span> <span class='ocrx_word' id='word_1_279' title='bbox 901 3893 940 3942; x_wconf 84' lang='lat' dir='ltr'><strong>rix</strong></span> <span class='ocrx_word' id='word_1_280' title='bbox 968 3892 1053 3957; x_wconf 74' lang='lat' dir='ltr'><strong>legitur</strong></span> <span class='ocrx_word' id='word_1_281' title='bbox 1075 3890 1138 3956; x_wconf 75' lang='lat' dir='ltr'><strong>apud</strong></span> 
     </span>
     <span class='ocr_line' id='line_1_36' title="bbox 127 3964 1139 4035; baseline -0.012 -11"><span class='ocrx_word' id='word_1_282' title='bbox 127 3973 289 4034; x_wconf 71' lang='lat' dir='ltr'><strong>AEmuaqu</strong></span> <span class='ocrx_word' id='word_1_283' title='bbox 307 3988 372 4020; x_wconf 73' lang='lat' dir='ltr'><strong>nem</strong></span> <span class='ocrx_word' id='word_1_284' title='bbox 383 3972 428 4035; x_wconf 79' lang='lat' dir='ltr'><strong>sar</strong></span> <span class='ocrx_word' id='word_1_285' title='bbox 443 3975 516 4034; x_wconf 66' lang='lat' dir='ltr'><strong>major</strong></span> <span class='ocrx_word' id='word_1_286' title='bbox 533 3989 594 4024; x_wconf 84' lang='lat' dir='ltr'><strong>nun·</strong></span> <span class='ocrx_word' id='word_1_287' title='bbox 645 3969 711 4027; x_wconf 78' lang='lat' dir='ltr'><strong>elius,</strong></span> <span class='ocrx_word' id='word_1_288' title='bbox 722 3984 867 4034; x_wconf 80' lang='lat' dir='ltr'><strong>quemquem</strong></span> <span class='ocrx_word' id='word_1_289' title='bbox 877 3964 1139 4031; x_wconf 67' lang='lat' dir='ltr'><strong>inepigraeteriquo-</strong></span> 
     </span>
     <span class='ocr_line' id='line_1_37' title="bbox 189 4037 1140 4106; baseline -0.009 -12"><span class='ocrx_word' id='word_1_290' title='bbox 189 4047 330 4094; x_wconf 64' lang='lat' dir='ltr'><strong>simma:</strong></span> <span class='ocrx_word' id='word_1_291' title='bbox 644 4041 700 4092; x_wconf 82' lang='lat' dir='ltr'><strong>dem</strong></span> <span class='ocrx_word' id='word_1_292' title='bbox 731 4043 807 4093; x_wconf 83' lang='lat' dir='ltr'><strong>eodex</strong></span> <span class='ocrx_word' id='word_1_293' title='bbox 838 4039 1016 4106; x_wconf 68' lang='lat' dir='ltr'><strong>antiquissime·</strong></span> <span class='ocrx_word' id='word_1_294' title='bbox 1043 4037 1140 4088; x_wconf 77' lang='lat' dir='ltr'><strong>exhibet</strong></span> 
     </span>
     <span class='ocr_line' id='line_1_38' title="bbox 158 4115 905 4188; baseline -0.008 -18"><span class='ocrx_word' id='word_1_295' title='bbox 158 4119 460 4186; x_wconf 66' lang='lat' dir='ltr'><strong>Faeleuderltelmfae</strong></span> <span class='ocrx_word' id='word_1_296' title='bbox 476 4123 596 4188; x_wconf 78' lang='lat' dir='ltr'><strong>tunsaete</strong></span> <span class='ocrx_word' id='word_1_297' title='bbox 644 4115 766 4183; x_wconf 78' lang='lat' dir='ltr'><strong>seriptum.</strong></span> <span class='ocrx_word' id='word_1_298' title='bbox 792 4119 905 4166; x_wconf 75' lang='lat' dir='ltr'><strong>Hennes.</strong></span> 
     </span>
     <span class='ocr_line' id='line_1_39' title="bbox 190 4184 1139 4263; baseline -0.009 -20"><span class='ocrx_word' id='word_1_299' title='bbox 190 4198 257 4263; x_wconf 70' lang='lat' dir='ltr'><strong>legi,·</strong></span> <span class='ocrx_word' id='word_1_300' title='bbox 677 4193 718 4241; x_wconf 78' lang='lat' dir='ltr'><strong>ts.</strong></span> <span class='ocrx_word' id='word_1_301' title='bbox 746 4192 811 4240; x_wconf 62' lang='grc' dir='ltr'><strong>Βοιὼ</strong></span> <span class='ocrx_word' id='word_1_302' title='bbox 833 4186 980 4252; x_wconf 62' lang='lat' dir='ltr'><strong>dimum]</strong></span> <span class='ocrx_word' id='word_1_303' title='bbox 1006 4184 1139 4252; x_wconf 73' lang='lat' dir='ltr'><strong>Inpulsu·</strong></span> 
     </span>
     <span class='ocr_line' id='line_1_40' title="bbox 96 4267 760 4335; baseline -0.006 -17"><span class='ocrx_word' id='word_1_304' title='bbox 96 4283 167 4333; x_wconf 84' lang='lat' dir='ltr'><strong>quum</strong></span> <span class='ocrx_word' id='word_1_305' title='bbox 178 4271 321 4334; x_wconf 75' lang='lat' dir='ltr'><strong>AEmnque</strong></span> <span class='ocrx_word' id='word_1_306' title='bbox 330 4285 398 4324; x_wconf 68' lang='lat' dir='ltr'><strong>suun</strong></span> <span class='ocrx_word' id='word_1_307' title='bbox 408 4267 544 4335; x_wconf 66' lang='lat' dir='ltr'><strong>invulgati·</strong></span> <span class='ocrx_word' id='word_1_308' title='bbox 554 4285 595 4318; x_wconf 82' lang='lat' dir='ltr'><strong>ex·</strong></span> <span class='ocrx_word' id='word_1_309' title='bbox 646 4267 760 4320; x_wconf 73' lang='lat' dir='ltr'><strong>versibus,</strong></span> 
     </span>
     <span class='ocr_line' id='line_1_41' title="bbox 126 4339 794 4394; baseline -0.007 -3"><span class='ocrx_word' id='word_1_310' title='bbox 126 4343 204 4394; x_wconf 62' lang='lat' dir='ltr'><strong>vol„</strong></span> <span class='ocrx_word' id='word_1_311' title='bbox 214 4343 250 4392; x_wconf 92' lang='lat'><strong>11.</strong></span> <span class='ocrx_word' id='word_1_312' title='bbox 743 4339 767 4387; x_wconf 81' lang='lat' dir='ltr'><strong>ll</strong></span> <span class='ocrx_word' id='word_1_313' title='bbox 779 4355 794 4386; x_wconf 86' lang='grc' dir='ltr'><strong>ιι</strong></span> 
     </span>
    </p>
   </div>
   <div class='ocr_carea' id='block_1_5' title="bbox 0 0 1505 5118">
    <p class='ocr_par' dir='ltr' id='par_1_11' title="bbox 0 0 1505 5118">
     <span class='ocr_line' id='line_1_42' title="bbox 0 0 1505 5118; baseline 0 0"><span class='ocrx_word' id='word_1_314' title='bbox 0 0 1505 5118; x_wconf 95' lang='lat' dir='ltr'><strong> </strong></span> 
     </span>
    </p>
   </div>
  </div>
 </body>
</html>
