3030 5108
302 323 543 394 TRISTIUM
566 325 659 400 LIB.
683 324 711 392 Ι.
735 321 872 392 ELEG.
896 323 947 391 X.
1089 325 1155 390 1⁷⁷

90 501 176 575 Sive
190 525 298 600 opus
310 500 493 588 e'stvelie‚
505 495 989 604 minimembenecur'rit'ad
1000 495 1161 574 aurem?

136 616 229 691 Sive
248 640 358 716 opus
377 627 437 690 est
453 639 568 703 remo,
588 615 729 713 remige
748 615 870 714 carpit
885 615 968 690 iter.
1021 613 1025 622 '

90 731 170 806 Nec
188 733 365 806 comites
382 731 524 806 volucri
541 741 717 806 contenta
734 742 794 805 est
808 731 958 805 vincere
975 753 1106 820 cursu3
1127 729 1157 804 5·

138 847 332 948 Occupat
349 871 524 944 egressas
541 847 751 946 quamlibet
768 845 856 921 ente
874 857 988 922 rates.
1004 845 1009 852 ’

90 961 139 1035 Et
154 965 309 1063 patitur
327 963 481 1049 fluctus,
500 961 648 1060 fertque
666 961 880 1036 adsilientia
895 962 1009 1058 longe

137 1079 331 1176 AEquora,
352 1099 425 1152 nec
442 1077 645 1152 sevis'icte
660 1075 802 1151 fatiscit
819 1077 940 1176 equis.

92 1193 173 1284 llla,
192 1194 463 1272 Corinthiacis
481 1194 643 1294 primum
660 1193 752 1266 mihi
770 1193 923 1290 cognita
940 1192 1138 1279 CenchriS,

139 1313 240 1388 Fida
252 1323 394 1388 manet
405 1309 564 1411 trepide
576 1313 733 1409 duxque
749 1332 955 1408 comesque
965 1307 1082 1405 iugoe3
1108 1313 1153 1382 10

94 1427 246 1527 Perque
266 1439 329 1503 tot
346 1438 518 1515 eventus,
538 1438 578 1502 et
596 1427 734 1526 iniquis
751 1425 903 1501 concita
915 1425 1037 1500 ventis

140 1543 332 1641 AEquore,
354 1543 519 1641 palladio
537 1543 692 1618 numine
709 1551 793 1616 tuta
809 1541 892 1615 fuit.

96 1657 205 1734 Nunc
224 1682 391 1760 quoque
408 1669 502 1746 tuta,
518 1683 662 1759 precor,
673 1659 771 1732 vasti
788 1667 894 1732 secet
910 1655 1008 1731 ostia
1025 1655 1152 1743 Ponti,

141 1773 335 1872 Quasque
354 1773 464 1872 petit.
485 1773 610 1848 Getici
627 1773 748 1848 litoris
766 1773 880 1847 intret
897 1795 1029 1871 aquas.

95 1889 187 1975 Quae
205 1889 327 1966 simul
346 1886 480 1962 AEoliae
498 1913 602 1964 mare
619 1911 679 1961 me
693 1887 853 1963 deduxit
865 1889 904 1962 in
922 1886 1066 1975 Helles,
1108 1891 1152 1962 15

142 2007 194 2082 Et
206 2010 377 2106 longum
394 2005 498 2080 tenui
515 2007 634 2080 limite
652 2003 743 2078 fecit
759 2003 831 2077 iter
841 2031 851 2093 ;

94 2191 168 2244 esque
179 2179 229 2230 sols
237 2179 308 2236 nevi,
316 2193 369 2244 que
378 2186 449 2244 poete
458 2195 472 2228 e
481 2187 551 2245 portu
559 2179 606 2230 Co·
689 2179 712 2229 6.
731 2179 883 2244 Quantum]
902 2178 926 2227 h.
938 2193 960 2228 e.
971 2176 1088 2242 quemvis,
1099 2191 1155 2226 cum

95 2252 164 2301 rinthi
181 2252 206 2302 in
218 2251 359 2301 'l'hrsciem
377 2267 452 2317 usque
464 2253 559 2302 deletus
569 2253 606 2302 fu·
656 2253 710 2304 eliis
723 2254 846 2303 Ciolenius
861 2253 948 2302 rectius
963 2251 1039 2316 legit:
1056 2253 1155 2315 quelibet

95 2325 145 2382 erit,
154 2343 208 2392 que
217 2325 313 2375 deinde
322 2339 368 2390 per
378 2327 502 2389 engenius
511 2325 606 2376 Helles-
656 2337 715 2384 arte,
727 2328 763 2378 rel
779 2343 853 2384 nmo,
865 2326 904 2376 vel
915 2325 976 2382 velo,
987 2323 1086 2374 dederet
1100 2324 1155 2372 Me·

95 2401 158 2466 ponti
169 2401 194 2450 in
205 2397 393 2466 Propontidem,
410 2399 513 2465 indeque
528 2417 607 2451 rursus
656 2402 718 2452 mle.
752 2395 865 2450 Hennes.

96 2490 136 2539 per
148 2475 286 2542 Bosporum
301 2471 436 2522 Thnnum
451 2473 476 2522 in
492 2473 605 2534 Pontum,
683 2477 707 2526 9.
720 2471 1081 2539 Primummilricognitatmis.]
1096 2471 1156 2520 Ceu·

97 2547 214 2613 etqueite
224 2547 324 2596 sinistro
333 2545 396 2594 meri
405 2544 495 2595 Tomon
510 2547 605 2599 abierit.
655 2552 731 2608 eloris,¹
760 2565 817 2598 nem
841 2547 1020 2612 Peloponnesus
1046 2547 1155 2609 (auctore

98 2619 185 2669 Versus
201 2629 286 2669 eutem
302 2618 336 2667 de
352 2618 447 2667 duabus
456 2619 557 2670 mribus
566 2638 605 2672 su·
658 2625 723 2674 Plin.
732 2623 775 2673 lib.
785 2623 817 2672 iv.
834 2637 887 2687 cap.
896 2619 933 2683 4.)
947 2620 1014 2685 jacet
1029 2618 1092 2668 inter
1107 2617 1156 2668 duo

98 2709 139 2759 prs
158 2695 255 2751 citatos,
274 2691 443 2758 metaphorice
461 2693 562 2760 accipio,
579 2703 607 2746 ut
656 2698 739 2754 meris,
760 2699 864 2760 AEgeum
889 2705 914 2745 et
941 2693 1044 2750 lonium,
1065 2691 1156 2759 platani

97 2769 181 2836 pnpp'u
190 2769 278 2826 alten,
289 2783 336 2834 pro
353 2781 434 2824 cursu,
444 2768 513 2826 serie,
522 2769 606 2820 itinere
656 2773 712 2822 lolio
727 2770 811 2820 similis
828 2777 923 2835 propter
937 2767 1064 2832 sngulosos
1080 2765 1157 2816 reces-

97 2841 198 2892 terrestri
219 2851 336 2908 ponetur,
352 2855 384 2889 eo
403 2839 494 2890 scilicet
511 2843 542 2891 de
559 2859 607 2910 quo
656 2863 704 2897 sus.
723 2840 1157 2910 Angustia‚undeprocedit‚isthmos

98 2917 147 2980 ipte
158 2913 219 2965 infr}
229 2914 309 2964 dicit:
656 2922 799 2990 appelletur.
841 2920 870 2968 In
888 2934 916 2968 eo
932 2919 985 2968 leco
1000 2924 1157 2982 erumpunte

129 2989 191 3038 Nun
201 2991 260 3038 milri
268 2987 389 3037 Βίηωιίω
396 2989 486 3050 plausit
491 2993 548 3054 pede
554 3007 606 3039 cnr-
655 2995 757 3053 diverso,
766 3010 819 3060 quse
829 2993 895 3042 dicte
904 3000 968 3048 sunt,
976 2990 1062 3040 merie:
1074 2989 1157 3040 Corin-

158 3079 211 3126 ΡΜ
220 3079 323 3127 eam·
334 3061 382 3110 ἅθ-
657 3069 749 3119 thineus
764 3067 828 3124 hinc,
839 3065 905 3115 illinc
914 3064 1039 3114 Saronicus
1050 3065 1158 3132 sppelle·

99 3137 160 3186 Nem
175 3147 200 3187 et
216 3137 279 3186 alibi
290 3137 325 3185 de
339 3135 440 3186 diversis
457 3135 608 3202 profectionis
657 3153 699 3194 tue
714 3143 787 3192 sinus.
821 3141 921 3191 Iechee
942 3140 1007 3198 hinc,
1025 3139 1156 3190 Cenchreae

99 3211 199 3261 soeriis
210 3209 337 3261 meminit.
656 3216 732 3274 illinc,
751 3213 911 3280 angustiarum
930 3213 1025 3264 termini
1045 3214 1115 3280 longo
1132 3224 1158 3265 et

130 3289 153 3334 2.
170 3287 201 3336 Et
211 3307 226 3336 a
234 3289 307 3350 picto
320 3285 409 3333 casside
425 3301 503 3334 uenter
520 3285 607 3350 haten]
657 3290 756 3356 ancipiti
772 3289 869 3340 navium
886 3289 985 3339 ambitu
1016 3289 1064 3338 Sed
1077 3297 1157 3339 temen

100 3357 208 3426 Ardet,
223 3376 302 3428 qum
320 3357 471 3418 illassflfmffl
485 3359 554 3423 gerii,
566 3378 607 3425 gn·
657 3373 682 3414 et
697 3367 765 3413 terris
782 3379 828 3412 non
844 3379 919 3430 usque
936 3363 996 3412 eden
1009 3362 1157 3412 incommode

101 3435 155 3482 luta
176 3435 321 3501 appelletur
343 3430 464 3481 Minerva·
501 3433 608 3482 Verbum
658 3436 1109 3504 legetunprocrisseilicetacceptum.
1127 3437 1156 3487 In

101 3508 222 3567 leheman
231 3508 265 3558 ed
274 3506 427 3562 Minervam,
436 3504 477 3554 sed
486 3505 609 3564 adnomen
660 3513 767 3561 cenchris
780 3519 859 3560 eutem
872 3510 945 3560 etium
954 3509 1030 3575 ligure
1046 3509 1158 3575 synizesis

102 3583 168 3641 naris,
179 3581 344 3632 referendum
355 3579 463 3627 videtin:
480 3589 508 3629 ut
518 3580 606 3629 intelli·
658 3585 806 3635 admittenda
815 3593 863 3634 est:
881 3592 908 3632 ut
916 3585 1036 3634 emersis
1042 3584 1157 3648 mespila.

100 3671 176 3720 gunus
195 3657 279 3724 ipsum
301 3667 393 3704 nerem
415 3653 512 3718 epicte
530 3655 608 3719 galee,
657 3660 723 3718 bum,
731 3676 774 3726 pro
790 3658 920 3724 dissyllebo
936 3658 962 3707 in
976 3657 1100 3712 scensioue
1117 3673 1157 3709 ve-

101 3733 270 3796 tripedalem,
282 3737 330 3779 aut
341 3725 417 3776 simili
427 3727 506 3793 aliquo
523 3744 608 3794 coguo-
659 3731 717 3782 niet.
750 3734 821 3782 Meu.

101 3804 156 3854 mine
167 3807 324 3872 appellatam
336 3801 421 3851 fuisse.
548 3850 549 3853 ,
594 3857 598 3864 ,
692 3808 731 3856 13.
749 3807 814 3856 Ostia
832 3805 902 3854 Ponti
917 3805 996 3870 secet]
1022 3805 1086 3854 Ostia
1102 3814 1158 3855 sunt

129 3879 242 3942 Casside]
263 3878 369 3926 Galeam
377 3874 434 3924 inde
441 3875 530 3924 dictum
538 3875 609 3927 fuisse
658 3879 737 3931 editus
748 3879 870 3928 fluminum
880 3878 905 3928 in
915 3893 990 3928 mere.
1023 3879 1102 3926 Pour.

101 3967 186 4010 nerem,
204 3958 300 4019 putent
321 3947 440 3998 Heinsius
460 3948 490 3998 ed
512 3950 536 3998 h.
552 3950 569 3998 1.
585 3959 609 4000 et
693 3956 731 4003 15.
759 3951 789 4001 In
807 3951 889 4016 mare]
917 3951 947 4000 In
961 3951 1156 4014 Hellespontum:

101 4025 193 4076 Vossius
202 4027 235 4076 de
242 4024 324 4075 vitiis
334 4021 460 4072 sermonis.
470 4022 487 4070 i.
497 4038 549 4089 cup.
558 4023 575 4071 i.
585 4033 609 4073 et
658 4041 713 4075 num
730 4042 795 4074 mere
807 4025 855 4075 elie
865 4023 919 4073 eliis
935 4023 1074 4088 cognomina
1089 4035 1157 4070 eece·

99 4098 149 4150 hinc
165 4101 269 4150 Gnlms
286 4113 344 4148 esse
363 4111 437 4146 naves
447 4104 609 4162 posteavoce·
659 4099 711 4165 pit:
730 4099 771 4148 ubi
793 4097 857 4148 enim
875 4097 976 4164 primum
996 4111 1021 4144 se
1043 4101 1157 4152 coarctet,

98 4175 270 4224 tesr.Burm.
308 4173 428 4222 Hennes.
661 4173 831 4236 Hellespontum
841 4185 954 4222 vocemus
961 4188 969 4230 ;
986 4168 1158 4230 ubiseexpan-

128 4255 252 4306 vot-11.
749 4253 773 4300 N
