3064 5104
255 419 262 430 ,
366 313 516 382 Altms
539 311 810 382 AMATORI'AE
832 313 924 382 ΗΒ.
948 315 1018 384 111.
1172 319 1217 386 71

163 487 248 562 Dux
264 488 392 564 bonus
410 487 674 564 huic'centum
691 489 879 564 commisit
894 490 970 566 vite
988 481 1195 590 regendum

210 604 311 682 Huic
329 605 509 704 equites;
539 604 592 678 illi
610 604 720 701 signa
735 603 876 685 tuenda
892 604 1010 680 dedit.

164 719 238 795 Vos
255 745 427 821 quoque,
446 721 499 796 de
522 721 630 796 nobis
648 744 763 819 quem
780 721 944 820 quisque
961 722 1011 797 sit'
1027 732 1139 821 aptus
1165 721 1215 796 ad

212 836 414 938 Inspicite:
436 839 594 912 et'certo
608 837 738 936 ponite
749 861 940 937 quemque
953 839 1050 914 loco.
1070 841 1212 935 [usum

168 952 325 1030 Munera
339 955 408 1030 det
419 955 550 1030 dives:
574 956 638 1052 jus
652 953 719 1053 qui
737 953 985 1052 profitebitur,
1001 955 1120 1030 adsit:
1137 958 1209 1030 531

213 1071 413 1146 Facundus
432 1094 608 1146 caussam
625 1095 729 1170 saepe
746 1069 894 1146 clientis
911 1081 1012 1168 agat.

171 1186 341 1262 Carmina
358 1187 426 1286 qui
444 1187 616 1273 facimus,
635 1185 828 1260 mittamus
846 1186 1012 1260 carmina
1029 1196 1188 1260 tantum.

214 1302 286 1377 Hic
304 1303 445 1378 chorus
464 1314 552 1378 ante
569 1302 662 1378 alios
681 1313 793 1401 aptus
812 1325 939 1376 amare
956 1297 1099 1376 sumus.

171 1418 245 1493 Nos
262 1418 422 1494 facimus
441 1419 592 1519 placitae
609 1419 685 1494 late
702 1418 893 1518 praeconia
908 1417 1051 1492 sormae.
1138 1420 1213 1492 535

215 1535 364 1610 Nomen
381 1535 502 1611 habet
518 1535 713 1611 Nemesis:
744 1534 914 1636 Cynthia
930 1558 1068 1610 nomen
1083 1534 1210 1608 habet.

169 1649 309 1751 Vesper
325 1662 366 1728 et
383 1651 479 1726 Eoae
497 1675 632 1728 novere
651 1650 839 1751 Lycorida
855 1660 987 1728 terrae:

105 1782 109 1802 ·
215 1767 265 1841 Et
280 1767 402 1854 multi,
422 1791 511 1866 quae
528 1763 583 1841 sit'
594 1778 723 1842 nostra
740 1766 919 1852 Corinna,
938 1774 1084 1864 rogant.

168 1881 283 1972 Adde,
303 1884 409 1983 quod
427 1883 573 1958 insidiae
591 1883 708 1960 sacris
726 1882 914 1959 avatibus
932 1883 1091 1956 absunt:

213 1997 262 2073 Et
275 1998 368 2072 facit
384 1998 436 2074 ad
454 2023 576 2074 mores
594 2023 654 2074 ars
673 1999 831 2098 quoque
842 2007 971 2072 nostra
987 2019 1088 2070 suos.
1134 1997 1210 2070 540

167 2112 203 2187 N
204 2137 246 2188 ec
263 2138 333 2188 nos
349 2113 521 2201 ambitio,
540 2139 612 2189 nec
629 2137 733 2188 amor
748 2137 817 2188 nos
834 2112 957 2210 tangit
972 2109 1159 2192 habendi:

214 2229 419 2304 Contemto
437 2229 571 2303 colitur
587 2231 710 2304 lectus
727 2240 767 2304 et
783 2229 917 2304 umbra
930 2226 1022 2301 foro.

166 2345 241 2422 Sed
257 2346 368 2421 facile
387 2345 588 2432 haeremus,
607 2343 806 2442 validoque
824 2343 1034 2444 perurimur
1050 2339 1166 2432 oestu3

212 2462 263 2537 Et
278 2461 441 2536 nimium
458 2461 563 2534 certe
580 2460 720 2534 scimus
738 2483 865 2534 amare
880 2458 969 2534 fide.

163 2579 319 2655 Scilicet
334 2575 531 2674 ingenium
548 2576 702 2676 placida
716 2575 906 2664 mellimur
922 2574 971 2646 ab
989 2581 1092 2648 arte:
1137 2571 1211 2645 545

210 2695 262 2771 Et
279 2693 408 2770 studio
426 2715 549 2768 mores
566 2689 833 2766 convenienter
850 2697 954 2764 eunt.

156 2897 267 2946 modun!
293 2903 322 2945 ut
337 2893 452 2960 exempla
469 2891 558 2942 ducum
576 2890 607 2941 ed
626 2908 663 2942 ree
712 2889 822 2958 pereDe
837 2886 962 2954 Lycoride,
973 2893 1094 2950 mntopere
1109 2899 1125 2934 a
1140 2883 1213 2935 Gallo

156 2972 294 3025 amatorius,
303 2970 351 3018 dre.
372 2968 440 3017 Nem
450 2982 504 3031 quo
514 2966 612 3016 Merula
621 2965 662 3015 hic
712 2965 833 3021 mamati,
844 2961 894 3011 vid.
905 2959 1069 3026 Virg'.Ecl.x.
1101 2957 1192 3008 Aure.

157 3042 370 3095 deAndromeche
384 3041 547 3091 er'roemust
556 3040 662 3108 exponit,
744 3040 801 3090 541.
819 3037 868 3086 Nec
879 3052 942 3084 amor
955 3051 994 3082 nor
1007 3041 1076 3098 urget
1089 3033 1208 3098 tuream]

156 3135 200 3169 suo
210 3115 397 3180 modoaffingit.
431 3115 527 3164 Mrcrr..
711 3112 775 3162 Mihi
786 3115 836 3162 orit
849 3110 952 3160 maxime
967 3106 1098 3164 blanditur,
1109 3119 1135 3158 ut
1146 3125 1211 3157 amo-

188 3195 246 3244 527.
264 3191 330 3240 Huic
340 3199 436 3238 eentum
446 3191 617 3252 commisitjtrre
626 3205 664 3238 re-
711 3203 761 3238 rem
772 3185 877 3236 habendi
890 3183 1012 3248 eleganter
1023 3183 1094 3248 poita
1106 3192 1211 3250 opponet

158 3266 259 3334 μιιὼι]
277 3265 378 3332 Optime
394 3261 488 3326 Regius
501 3270 526 3311 et
539 3277 601 3310 unus
612 3262 662 3311 Vn·
712 3261 785 3312 amori
802 3259 899 3326 puello,
916 3273 963 3324 quo
977 3257 1104 3324 precipuo¹
1120 3267 1145 3307 et
1160 3257 1212 3308 noio

158 3343 258 3398 timus,
272 3341 328 3388 otte.
345 3335 468 3404 quomodo
481 3335 594 3402 Cojtciur
610 3336 662 3384 Ob·
712 3337 760 3387 tere
770 3343 869 3386 urantur
879 3333 966 3400 poeta.
1000 3331 1089 3380 Buarr.

159 3425 242 3466 servat.
259 3414 303 3464 lib.
323 3413 366 3462 xii.
385 3425 442 3476 cap.
459 3409 540 3460 xxxiv.
564 3426 594 3459 ex
613 3409 663 3458 suis
744 3411 802 3462 545.
819 3407 941 3474 Ingenium
955 3405 1048 3470 placidi
1064 3407 1211 3458 mollirent

158 3489 255 3556 seriptis.
272 3487 304 3538 de
320 3487 381 3542 rite,
394 3499 469 3548 quaro
484 3483 593 3533 centurio
608 3499 678 3549 ges-¹
711 3485 784 3548 arta]
808 3483 930 3532 Mollimur
950 3481 1038 3547 optime
1056 3479 1211 3532 Sertorianos

158 3563 358 3628 tebutloquitor.
393 3557 485 3606 Harsa.
711 3575 767 3608 curn
788 3567 889 3623 quatuor
909 3555 972 3606 eliis.
995 3553 1097 3606 usitatus
1116 3555 1210 3605 Nasoni

187 3639 243 3687 5³⁰.
261 3633 580 3695 Etanopooitromooe
594 3632 660 3695 loco-J
712 3633 864 3684 Grocimus
888 3631 979 3680 Harsa.
1012 3627 1098 3676 Nosco
1115 3631 1143 3680 ab
1159 3639 1211 3678 aare

157 3713 201 3763 Suo
218 3724 343 3777 quomque
363 3713 497 3754 amatorem
515 3705 569 3754 loco
586 3705 661 3754 collo-
711 3706 819 3756 Francos.
829 3715 854 3755 et
863 3704 995 3754 Pristinus.
1006 3703 1090 3752 Μαικία
1100 3703 1142 3753 elii
1154 3719 1210 3752 cum
1323 3765 1328 3770 Ι

155 3795 205 3837 cent
214 3785 313 3854 puellas
326 3787 423 3836 monet,
435 3794 482 3844 qno
494 3779 618 3830 certiorem
631 3795 660 3830 ex
710 3781 823 3832 Juniano.
833 3780 874 3830 red
884 3777 943 3829 nihil
951 3792 1032 3826 move:
1044 3779 1137 3838 placido
1147 3777 1211 3826 enim

151 3863 196 3913 illis
214 3860 352 3912 ut‘ditatem
371 3855 477 3913 ducac
494 3869 538 3902 nec
557 3853 663 3904 cannino
712 3871 750 3904 rm
766 3853 852 3903 melius
867 3854 927 3902 Foro
941 3859 966 3900 et
981 3849 1060 3898 Curio
1077 3851 1212 3918 opponitur,

149 3943 232 4004 petam
250 3951 267 3984 ι
283 3935 373 3987 divite,
390 3927 432 3977 vel
448 3943 553 3984 nomo,
572 3927 603 3976 ab
620 3927 663 3978 illo
712 3943 785 3995 quam
795 3929 889 3976 blanda
912 3925 929 3974 i.
939 3923 993 3971 Art.
1005 3923 1043 3970 12.

147 4003 396 4079 qdrmircnrmina,
409 4001 454 4051 dre.
487 4001 578 4050 Aure.
744 4005 819 4066 Atque
833 4003 919 4050 anina
932 3997 1027 4062 placido
1041 3998 1145 4046 contudit
1161 4004 1214 4043 erto

175 4088 234 4138 ⁶³6.
263 4083 363 4133 Nomen
387 4079 452 4126 hrttt
473 4076 582 4134 Nemesis,
601 4075 660 4140 &rr-l
769 4075 845 4141 seror.
1091 4069 1180 4120 Boou.

142 4157 324 4232 Apudn‘rbull.
344 4147 662 4218 Cynthioreraepudl’ro-
779 4227 826 4277 Η
