2982 5118
279 409 349 476 Ex
374 407 536 476 ΡΟΝΊὈ
559 407 651 474 utu.
678 407 748 474 111.
773 408 918 476 EPIST.
942 411 985 478 V.
1085 413 1152 480 ΛΦ

107 581 232 682 Maj0r
250 593 290 660 et
305 583 502 683 implesset
514 581 720 683 praecordia
732 593 861 658 nostra
876 585 1060 686 voluptas,
1101 590 1150 662 25

153 699 284 785 Quum
303 699 469 776 traherer
487 699 600 774 dictis
618 700 899 798 adnueremque
917 702 1006 776 tuis.

107 816 230 902 Quem
248 816 429 915 quoniam
445 815 577 903 fatum,
593 817 699 891 vobis
716 817 915 916 patrieque
932 819 1084 906 relictis,

153 933 260 1008 Inter
277 933 500 1008 inhumanos
515 933 647 1008 maluit
663 957 747 1007 esse
767 933 908 1008 Getas:

108 1047 218 1134 Quod
235 1050 339 1136 licet,
352 1060 395 1124 ut
406 1049 534 1124 videar
551 1060 677 1124 tecum
694 1050 815 1146 magis
833 1075 931 1138 esse,
950 1050 1124 1149 legendo,

155 1166 283 1266 Saepe,
301 1189 446 1264 precor,
462 1165 577 1240 studii
596 1166 754 1266 pignora
770 1169 877 1240 mitte
895 1168 972 1242 tui:
1103 1173 1152 1242 30

107 1280 373 1382 Exemploque
391 1305 489 1368 meo,
508 1281 580 1356 nisi
598 1281 812 1379 dedignaris
830 1282 870 1356 id
887 1282 1024 1382 ipsum,

155 1397 276 1474 Utere
289 1425 303 1475 ε,
326 1400 428 1497 quod
446 1399 554 1474 nobis
572 1395 710 1473 rectius
728 1399 810 1496 ipse
827 1398 949 1474 dares.

109 1513 286 1613 Namque
299 1539 383 1612 ego,
396 1515 461 1612 qui
473 1515 566 1615 perii
575 1515 821 1615 jampridem,
836 1514 1017 1602 Maxime,
1029 1516 1148 1604 vobis,

155 1630 316 1729 Ingenio
334 1631 431 1706 nitor
448 1656 524 1706 non
541 1633 697 1730 periisse
715 1657 812 1707 meo.

109 1745 242 1822 Redde
255 1747 397 1837 vicem;
419 1769 489 1822 nec
504 1771 588 1822 rara
601 1747 656 1822 tui
669 1760 914 1823 monumenta
926 1747 1064 1823 laboris
1099 1753 1148 1823 35

153 1863 359 1962 Accipient
374 1874 523 1952 nostrae,
542 1875 648 1962 gratu
664 1864 800 1952 sutura,
820 1889 967 1940 manus.

109 1981 178 2055 Dic
194 1991 337 2067 tamen,
356 1981 541 2078 ojuvenis
558 1981 767 2056 studiorum
786 1983 898 2082 plene
916 2007 1098 2069 meorum,

156 2096 308 2195 Ecquid
326 2098 374 2171 ab
393 2097 450 2170 his
468 2097 560 2196 ipsis
578 2099 802 2175 admoneare
821 2099 920 2175 mei?

110 2213 271 2312 Ecquid,
280 2213 345 2287 ubi
352 2222 419 2287 aut
428 2213 565 2288 recitas
572 2213 712 2290 sactum
722 2216 836 2289 modo
845 2239 996 2290 carmen
1007 2216 1150 2304 amicis,

154 2330 247 2417 Aut,
266 2329 371 2427 quod
389 2353 490 2427 saepe
508 2330 620 2417 soles,
639 2331 760 2427 exigis
780 2339 822 2404 ut
839 2331 1010 2417 recitent,
1102 2337 1152 2408 40

110 2445 304 2520 Interdum
322 2444 491 2544 queritur
509 2456 575 2521 tua
592 2470 711 2534 mens,
730 2447 848 2520 oblita
866 2445 958 2545 quid
976 2445 1101 2521 absit?

155 2563 300 2639 Nescio
319 2563 411 2661 quid
429 2573 530 2637 certe
548 2563 663 2638 sentit
679 2564 813 2637 abesse
832 2563 912 2637 sui:

109 2679 238 2778 thue
256 2679 362 2776 loqui
380 2680 428 2754 de
445 2704 506 2754 me
524 2683 682 2755 multum
700 2691 885 2781 praesente
903 2679 1065 2766 solebas,

155 2795 270 2870 Nunc
289 2819 443 2893 quoque
463 2795 626 2870 Nasonis
644 2821 780 2870 nomen
798 2795 836 2868 in
853 2819 918 2870 ore
935 2806 1000 2870 tuo
1019 2797 1103 2870 esti

110 2910 193 3010 lpse
211 2911 369 3010 quidem
388 2911 524 2987 Getico
541 2936 693 3011 peream
710 2911 868 2986 violatus
886 2912 934 2986 ab
952 2934 1055 3000 arou,
1099 2916 1149 2988 45

155 3027 217 3116 Et,
237 3028 289 3102 sit
305 3027 445 3126 perjuri
463 3052 578 3126 quam
596 3051 712 3129 prope
729 3053 851 3128 poena,
867 3028 985 3116 vides,

136 3208 604 3274 ffifflmmoetuudictiamnum
653 3213 708 3274 quid
724 3211 799 3258 ndrirt
821 3210 907 3258 Metuo
923 3215 1002 3258 umen
1018 3225 1049 3258 ns
1060 3209 1099 3258 vsi
1115 3209 1150 3259 sio

108 3281 222 3333 diceutmn
239 3290 264 3332 te
278 3281 394 3340 audirem,
405 3293 430 3332 et
444 3282 469 3333 in
480 3293 522 3334 tua
532 3286 605 3334 umba
654 3285 705 3334 haro
722 3284 780 3334 satir
796 3283 844 3333 sint
861 3284 961 3349 integra.
982 3284 1071 3332 Herus.
1105 3284 1151 3335 Ec·

107 3364 130 3404 et
143 3356 287 3407 autentim
301 3355 432 3405 adducerer
445 3358 492 3407 tuis
508 3357 603 3406 rationi·
653 3361 707 3422 quid
716 3359 791 3406 adduc
802 3357 901 3408 Junian.
924 3355 971 3407 Sed
982 3357 1152 3422 legeremcum

108 3430 157 3479 bos.
653 3440 754 3497 quatuor
769 3429 871 3496 scriptis,
887 3431 986 3496 Ecquid,
1004 3434 1043 3480 ubi
1058 3441 1100 3480 cut
1116 3450 1153 3482 rr·

114 3561 115 3566 q
136 3507 176 3554 ³2.
196 3505 265 3560 Quod
287 3506 350 3553 mro
367 3504 472 3568 reatina]
498 3505 603 3555 Minores
652 3507 773 3564 citandus.
790 3506 881 3555 Bunrr.
907 3505 948 3556 Sic
962 3506 1042 3556 nostri.
1075 3505 1152 3556 locus

107 3579 165 3628 euim
179 3595 193 3629 ι
209 3579 341 3645 majoribus
351 3587 430 3644 petere
441 3579 602 3646 exemplsde-
652 3597 699 3630 uon
710 3595 842 3630 mousesse
853 3579 955 3631 videtur.
983 3581 1107 3647 Verpoort.
1118 3580 1153 3631 ita

108 3653 170 3703 tent
196 3653 279 3703 Ponr.
651 3653 834 3721 iuterpretatur:
853 3653 893 3704 An
903 3673 965 3704 mear
980 3665 1022 3703 tua
1035 3658 1152 3704 interdura

136 3729 362 3796 ³4.Irrgmio,&c.]
375 3729 548 3780 &ribotdvos
557 3746 602 3780 sra-
652 3732 765 3793 meatur,
779 3729 862 3778 abesse
881 3727 928 3777 sibi
944 3727 1044 3793 aliquid,
1055 3727 1151 3793 quaudo

107 3801 164 3867 pios,
176 3813 202 3853 st
218 3819 249 3852 eo
265 3812 337 3868 pacto
354 3804 502 3853 couorvobis
518 3805 601 3854 abren-
652 3806 735 3852 rariter
754 3819 847 3852 curram
867 3800 964 3866 aliquod
987 3816 1069 3850 recem
1090 3815 1105 3849 ι
1126 3807 1150 3849 tc

107 3876 296 3942 tibur,tnoqnam
307 3877 463 3943 proruentibus
473 3877 525 3934 frui,
533 3885 558 3928 et
567 3877 602 3926 vi·
645 3877 741 3943 socrum
755 3875 1046 3941 miroquibusdsmmr
1059 3873 1149 3922 abillis

107 3947 152 3998 deri
161 3966 213 4000 esse
222 3949 357 4007 vobiscum,
366 3959 391 4000 et
401 3967 448 3999 non
458 3951 483 3999 io
493 3949 587 4000 exsilio.
650 3955 760 4016 porrum,
768 3962 796 4001 et
806 3951 850 4018 ipsi
861 3953 956 4000 rectum
965 3949 1016 4006 tibi,
1023 3964 1077 4013 qun
1084 3963 1149 3998 com·

136 4026 174 4074 39.
195 4025 315 4089 Ecquidroe
331 4033 374 4074 aar
390 4026 494 4090 recitare]
514 4026 603 4089 Ecquid
652 4036 790 4093 posuerun23
810 4027 869 4088 quod
882 4039 937 4086 κρυ
952 4023 1008 4071 rota
1021 4019 1150 4086 poenuue.

106 4092 234 4148 stiriritur
244 4099 364 4148 nonnulli.
395 4099 477 4148 Scribe
489 4099 604 4164 Ecquitur
653 4099 692 4151 Cf.
701 4099 771 4149 Trist.
780 4100 825 4148 1v.
835 4098 851 4147 i.
858 4099 899 4147 89.
926 4097 1040 4145 Hirrum.

108 4177 277 4233 amitant
287 4188 351 4238 pono
361 4172 550 4238 interrogationis
561 4188 603 4221 no-
685 4174 725 4222 46.
746 4173 871 4234 Peejururrr
896 4187 964 4234 φωω
983 4183 1052 4232 propr
1073 4181 1148 4231 porra,

108 4255 151 4297 tam
162 4258 216 4315 post
225 4247 279 4305 illa,
290 4250 396 4312 queritur
407 4258 448 4297 tua
459 4263 520 4298 m
533 4249 604 4296 attiae
653 4247 711 4312 quia
725 4245 817 4310 Regiam
834 4244 906 4296 habet
921 4259 963 4306 prr
979 4259 1078 4300 aarum,
1088 4241 1147 4292 scri·

749 4319 773 4367 fl
783 4319 825 4367 nt
