3020 5106
276 379 517 450 rersrmrr
542 378 634 445 un.
655 378 725 446 111.
750 337 939 447 einer.
1069 383 1135 448 221

73 557 196 632 Litera
214 555 391 632 suffusas
408 553 511 654 quod
528 553 645 627 babet
661 553 855 627 maculosa
871 551 1016 640 liturae,
1090 559 1134 629 15

121 671 243 747 Laesit
260 697 365 772 opus
383 669 560 769 lacrymis
578 669 661 768 ipse
679 678 794 766 poeta
810 691 934 743 suum.
1012 715 1023 722 -

76 789 115 861 Si
132 813 212 886 qua
229 789 467 862 videbuntur
484 810 575 860 casu
594 809 668 858 non
685 783 790 858 dieta
805 784 935 873 latine,

122 904 169 978 In
187 930 272 1004 qua
289 904 496 990 scribebat,
515 902 677 977 barbara
693 910 794 976 terra
810 899 891 976 fuit'.

78 1019 217 1107 Dicite,
237 1021 421 1106 lectores,
440 1020 472 1092 si
490 1042 566 1092 non
582 1041 707 1113 grave,
724 1017 867 1115 quasit
884 1017 1062 1103 eundum,

124 1135 319 1233 Quasque
338 1143 466 1234 petam
485 1134 595 1208 sedes
614 1131 753 1230 hospes
771 1132 810 1206 in
827 1133 919 1206 urbe
932 1133 1041 1207 liber.
1088 1137 1138 1206 20

81 1249 172 1326 Haec
191 1252 260 1325 ubi
280 1273 371 1324 sum
388 1249 517 1346 lingua
532 1248 661 1322 furtim
680 1248 866 1324 titubante
884 1249 1044 1336 loeutus,

129 1366 206 1453 Qui
226 1366 325 1440 mihi
343 1376 583 1452 monstraret,
602 1365 666 1437 vix
684 1362 754 1439 fuit
773 1389 884 1452 unus,
904 1365 987 1439 iter.

86 1481 131 1554 Di
148 1482 223 1557 tibi
241 1472 352 1568 dent,
374 1491 500 1556 nostro
518 1481 622 1579 quod
640 1505 714 1554 non
731 1482 896 1556 tribuere
913 1479 1072 1580 parenti,

130 1595 307 1671 Molliter
325 1597 367 1670 in
384 1596 506 1694 patria
521 1597 645 1672 vivere
663 1621 776 1696 posse
793 1599 878 1671 tual
1091 1599 1140 1670 24

89 1713 170 1786 Duc
188 1737 283 1810 age:
305 1737 474 1809 namque
493 1735 643 1809 sequor,
657 1713 828 1810 quamvis
842 1724 1016 1814 terraque
1030 1715 1140 1788 mari-

134 1827 367 1925 Longinquo
385 1828 543 1902 referam
561 1827 683 1902 lassus
702 1829 750 1902 ab
768 1829 859 1902 orbe
876 1828 1026 1928 pedem.
1048 1831 1142 1928 [que

28 1945 33 1952 ’
87 1941 241 2033 Paruit3
271 1955 312 2018 et
331 1944 488 2031 ducens,
508 1945 589 2018 haec
608 1955 696 2017 sunt
713 1944 792 2018 fora
810 1943 985 2032 Caesaris,
999 1945 1139 2045 inquit:

138 2058 234 2132 Haec
252 2069 313 2134 est
331 2084 357 2134 a
374 2060 490 2136 sacris
508 2083 595 2159 quae
613 2061 674 2134 via
691 2084 828 2136 nomen
845 2061 972 2136 habet.
1238 2153 1242 2158 Ι

91 2171 162 2248 Ηίο
178 2175 289 2248 locus
307 2182 372 2247 est
383 2173 524 2262 Vestae,
538 2173 605 2271 qui
623 2173 783 2250 Pallada
800 2187 924 2251 servat
941 2187 979 2252 et
996 2178 1140 2274 ignem:

138 2288 214 2363 Hic
230 2289 305 2364 fuit
322 2287 470 2388 antiqui
488 2289 592 2386 regia
609 2313 724 2388 parva
742 2291 778 2364 N
782 2313 892 2365 umae.
1092 2297 1143 2366 30

93 2401 343 2504 Inde'petens
362 2405 548 2492 dextram,
569 2417 677 2504 porta
694 2417 765 2492 est,
784 2405 850 2493 ait,
869 2407 943 2481 ista
959 2406 1105 2484 Palati:

139 2519 213 2594 Hic
233 2519 384 2596 Stator:
404 2520 476 2596 boc
489 2521 652 2622 primum
666 2521 955 2597 conditaRoma
968 2524 1051 2597 loeo
1066 2533 1139 2598 est.

123 2795 164 2843 00.
182 2795 249 2850 Quod
260 2813 308 2846 non
324 2797 426 2846 tribum
437 2797 527 2861 poete]
548 2797 595 2845 Pa·
645 2796 670 2846 in
683 2813 713 2848 ea
725 2795 803 2846 foedm
813 2796 888 2845 ictum
900 2794 931 2846 dt
942 2795 1003 2845 inter
1014 2794 1145 2844 Romulum

96 2871 153 2916 mli
172 2877 228 2926 tm,
244 2885 289 2934 pro
305 2868 403 2920 diversa
422 2869 540 2920 lectione:
561 2871 596 2924 tie
645 2880 671 2922 et
679 2871 784 2921 Tatium.
1039 2907 1044 2916 .

96 2939 429 3009 inflammatam:
678 2947 719 2995 29.
747 2945 794 2994 Hie
814 2946 875 2992 bm
895 2953 927 2993 ut
950 2942 1040 3006 Veste]
1063 2943 1144 2994 Veste

209 3017 495 3080 retemptantem&
646 3020 762 3086 templum
773 3018 1147 3082 rotundum,inquoservabatur

127 3087 197 3138 indm
207 3093 249 3140 rub
259 3092 361 3140 dominis
371 3093 499 3153 micion
508 3094 596 3140 dmm.
646 3094 790 3152 Palladium,
801 3109 856 3144 cum
872 3093 926 3157 igne
944 3102 1066 3158 perpetuo,
1077 3091 1118 3157 qui
1132 3107 1148 3141 a

127 3163 164 3210 26.
181 3163 435 3228 Adurbelonglnqqu
452 3163 590 3228 EScythia.
647 3167 777 3233 virginibus
786 3166 926 3218 Vestalibtu
935 3167 1058 3224 alebatun
1075 3175 1147 3233 atque
1257 3167 1268 3177 '

127 3236 165 3286 2⁷.
191 3238 278 3287 Forum
298 3237 411 3294 Cauris,
430 3238 498 3303 eujus
518 3253 597 3288 aream
647 3239 693 3290 boc
703 3239 1148 3306 multiputantaRomulopriarerec·

99 3309 263 3360 Juliuscmu
278 3309 368 3360 coemit
380 3311 443 3360 1000
457 3311 507 3361 HS.
539 3313 598 3362 Sue·
648 3321 707 3362 tum.
730 3314 859 3378 Dionysius
869 3323 957 3372 tamen,
966 3313 1009 3363 lib.
1020 3311 1045 3362 ii.
1057 3313 1148 3374 aeribit,

100 3392 143 3433 ton.
159 3385 184 3434 in
198 3385 250 3434 vita
267 3385 361 3434 ΟΜ.
376 3385 416 3434 26.
450 3385 599 3436 Octavianus
647 3385 673 3436 id
690 3403 705 3436 a
721 3388 802 3436 Numa
818 3386 961 3436 edificatum
979 3386 1148 3453 inloro‚quod

99 3459 216 3523 Λαμιαν
224 3457 324 3508 addidit
334 3459 429 3508 tertium
438 3474 509 3526 prope
517 3460 599 3510 Ceu·
647 3471 748 3526 occupat
765 3459 870 3510 medium
887 3459 1000 3526 Capitolii
1017 3470 1042 3509 et
1059 3461 1149 3511 Palatii

99 3531 126 3582 ria
145 3533 229 3589 lomm,
252 3547 328 3598 rupta
349 3533 434 3581 Forum
454 3532 599 3582 Romanum.
648 3533 1149 3610 locum,idqueanaourbisquadragezimo,

99 3605 187 3655 Sueten.
199 3606 266 3670 Aug.
278 3621 301 3654 e.
313 3605 407 3655 aaula
424 3605 478 3655 vide
495 3607 600 3656 cmub.
649 3617 676 3657 ut
692 3610 717 3658 in
734 3609 810 3658 farti·
826 3607 896 3656 doeet
912 3607 1022 3658 Ovidius.
1054 3607 1149 3658 Atrium

100 3676 383 3734 etTorrenaacPliniue.
392 3677 445 3726 libr.
456 3677 536 3727 xxxvi.
544 3693 565 3726 c.
575 3681 599 3728 ὁ.
650 3691 731 3731 autem
749 3683 829 3732 Veste
847 3680 894 3729 fuit
914 3681 1002 3732 Numa
1020 3682 1093 3746 regia,
1112 3681 1150 3731 vel

100 3750 138 3800 boc
155 3752 229 3802 iorum
249 3753 315 3802 inter
337 3758 439 3816 quatuor
456 3752 601 3804 mirabiliora
649 3755 792 3821 potimpers
799 3754 878 3819 regia.

100 3825 156 3874 urbi·
167 3825 272 3876 edificia
282 3834 401 3874 recenset.
433 3824 547 3874 litam.
682 3830 724 3877 al.
743 3829 815 3878 Porta
826 3837 866 3885 eat,
876 3829 919 3884 ait,
931 3829 974 3876 ista
994 3825 1094 3889 Palaeb]
1114 3828 1150 3876 Ea

126 3901 165 3950 00.
176 3900 277 3950 Ham
287 3897 402 3961 am]
422 3898 494 3948 Viam
503 3901 600 3948 Sacram
649 3913 716 3968 porta
732 3903 797 3969 priua
813 3901 933 3956 Saturnia,
949 3899 1007 3949 dein
1027 3899 1151 3949 Pandania

98 3972 208 4039 ἀωίςιιιι,
220 3975 272 4022 soro
282 3971 399 4036 Augusti,
411 3972 452 4037 qui
468 3972 600 4039 inCapito-
650 3976 771 4041 adpellata
791 3975 849 4024 luit:
876 3973 1003 4022 adfirmnt
1024 3974 1100 4020 Varro
1126 3980 1151 4020 et

98 4046 126 4096 lie
141 4049 276 4104 habitabat,
288 4045 410 4096 vicinam:
427 4045 525 4104 dietam,
536 4047 601 4111 quod
650 4049 753 4098 Solinus.

96 4136 131 4184 per
143 4138 195 4172 eam
213 4123 246 4170 ab
262 4133 332 4177 aree,
343 4117 369 4168 id
386 4130 457 4176 aaa
473 4117 601 4185 Capitolio,
683 4123 725 4171 32.
744 4122 791 4170 Hic
802 4118 901 4181 Senem]
920 4118 950 4166 Iu
961 4125 1040 4167 monte
1056 4115 1151 4164 Palatio

93 4195 119 4243 ad
129 4211 231 4262 augures
241 4193 474 4252 mutuabantur,
486 4193 600 4258 velquod
650 4195 766 4262 templum
783 4209 798 4242 a
820 4190 924 4240 Romulo
945 4190 999 4240 Jovi
1016 4186 1110 4244 Statori,
1124 4197 1151 4238 nt
