3020 5106
355 353 423 420 am
653 351 694 419 P.
717 347 880 417 OVIDII
903 347 1119 416 NASONIS

358 525 557 625 Quidquid
573 534 674 624 aget,
686 549 805 624 quum
822 534 861 600 te
879 523 1008 598 scierit
1021 523 1183 612 venisse,
1199 523 1406 624 relinquet;

412 641 496 748 Nec
510 665 637 718 mora:
659 642 754 740 quid
766 641 909 728 venies,
925 641 1078 740 quidve,
1094 641 1273 739 requiret,
1288 665 1406 740 agam.

360 756 498 834 Vivere
515 782 577 833 me
594 757 722 849 dicee3
752 757 821 834 sed
837 759 907 845 sic,
924 769 968 832 ut
982 757 1108 834 vivere
1126 758 1264 845 nolim3

411 874 448 949 N
452 899 495 950 ec
513 876 614 950 mala
630 886 709 950 tam
724 875 838 974 longa
854 884 984 950 nostra
1000 876 1125 950 levata
1141 899 1268 950 mora:

362 989 415 1066 Et
430 1003 557 1068 tamen
575 993 624 1068 ad
643 992 791 1080 Musas,
811 992 984 1091 quamvis
1002 1015 1177 1078 nocuere,
1197 991 1346 1078 reverti,

410 1106 589 1207 Aptaque
606 1109 645 1182 in
663 1109 827 1184 alternos
843 1131 981 1206 cogere
998 1109 1114 1182 verba
1130 1107 1262 1207 pedes.
1365 1110 1408 1179 10

360 1220 418 1296 'l'u
443 1247 609 1322 quoque,
635 1225 710 1312 dic,
736 1225 872 1300 studiis
898 1225 1162 1300 communibus
1189 1223 1329 1323 ecquid
1357 1222 1409 1296 in·

511 1341 644 1429 haeres,

409 1453 611 1553 Doctaque
629 1477 704 1529 non
723 1453 845 1553 patrio
864 1456 1031 1529 carmina
1048 1477 1153 1529 more
1170 1455 1302 1528 canis?

361 1569 398 1644 N
401 1594 462 1645 am
480 1571 549 1646 tibi
567 1596 655 1646 cum
672 1571 761 1646 fatis
778 1594 902 1648 mores
920 1583 1055 1647 natura
1072 1571 1246 1670 pudicos,

408 1685 460 1761 Et
476 1710 579 1762 raras
596 1687 717 1774 doteS‚
738 1687 1008 1787 ingeniumque
1025 1687 1145 1762 dedit.

360 1801 445 1877 Hoc
463 1825 534 1899 ego
553 1802 762 1899 Pegasidas
781 1801 925 1877 deduxi
943 1803 1087 1901 primus
1106 1802 1154 1878 ad
1171 1801 1305 1888 undae,
1367 1805 1408 1876 15

411 1915 473 1991 Ne
492 1917 590 1992 male
607 1917 781 1992 fecunde
799 1941 895 1992 vena
912 1917 1053 2017 periret
1070 1941 1192 2016 aquae:

361 2032 512 2107 Primus
531 2034 569 2107 id
588 2035 748 2134 adspexi
765 2035 907 2110 teneris
925 2034 964 2108 in
980 2033 1134 2129 virginis
1152 2032 1274 2120 annia,

411 2148 542 2248 thue
560 2162 680 2249 petet,
699 2174 805 2226 vente
822 2152 981 2249 duxque
998 2173 1204 2248 comesque
1222 2147 1290 2224 fui.

360 2264 473 2366 Ergo,
493 2266 525 2341 si
543 2279 740 2344 remanent
757 2269 864 2365 ignes
882 2269 953 2343 tibi
970 2266 1135 2367 pectoris
1151 2265 1267 2354 idem,

412 2382 503 2458 Sola
520 2393 627 2457 tuum
645 2394 751 2459 vates
770 2382 910 2457 Lesbia
926 2383 1052 2457 vincet
1068 2405 1178 2480 opus.
1364 2387 1413 2456 20

389 2641 415 2688 9.
433 2639 470 2690 Λᾶ
480 2639 559 2690 Mum
566 2641 672 2706 weard]
691 2639 775 2690 Cicero
786 2639 859 2690 librae
907 2640 978 2690 modo
995 2639 1047 2690 hec
1066 2639 1156 2690 Perille
1171 2637 1254 2688 Ovidii
1269 2636 1321 2689 nti·
1337 2639 1416 2689 tuerit.

356 2729 411 2764 tuce
422 2724 491 2765 vocat
501 2725 592 2765 veteres
602 2715 727 2766 amiculae.
910 2715 1025 2764 Ham

392 2791 430 2840 ll.
455 2790 545 2840 Studiis
566 2789 740 2855 communiam]
769 2789 860 2840 studiis
944 2791 984 2838 14.
1002 2789 1034 2837 Et
1049 2804 1116 2837 rem
1131 2785 1214 2850 deun]
1234 2785 1308 2836 &ret
1325 2788 1413 2854 primu

357 2861 472 2928 poeticir:
492 2879 546 2929 que
560 2863 619 2913 mihi
630 2873 710 2915 tecum
724 2863 860 2914 communie
909 2863 991 2912 Vade.
1002 2861 1179 2928 Rottendorph.
1193 2869 1218 2910 et
1229 2860 1358 2928 Gottorpb.
1368 2864 1414 2910 eie·

357 2945 420 2988 eunt
449 2937 651 3004 neptuim.
669 2937 804 3004 Numquid
815 2937 860 2987 du
909 2953 948 2986 rae
962 2936 1137 2987 Richelianue:
1154 2943 1222 3002 puto,
1239 2935 1414 2986 currendam.

358 3015 471 3080 operam}
911 3011 1030 3077 Superiori
1039 3025 1107 3059 versu
1117 3027 1168 3059 mm
1169 3010 1234 3074 satie
1244 3009 1327 3076 rcripti
1335 3023 1415 3058 ornnes

393 3089 432 3137 12.
450 3088 503 3136 Non
509 3090 586 3150 patrio
594 3087 675 3150 mora]
689 3087 753 3145 Quid
763 3087 802 3144 eit,
813 3087 861 3136 die·
912 3093 937 3134 et
955 3085 1036 3152 primae
1058 3085 1183 3142 edicone,
1198 3099 1246 3134 non
1268 3101 1321 3134 mn
1334 3085 1415 3149 faeie:

357 3169 444 3228 putant
459 3162 608 3228 interpreter.
633 3160 764 3227 *Ciosaniue
778 3177 792 3210 e
808 3161 862 3212 eod.
911 3160 955 3210 ned
972 3169 1100 3224 utrumque
1117 3167 1218 3208 rectum.
1252 3157 1349 3206 Nature
1364 3175 1414 3206 m

359 3235 441 3286 Vatic.
458 3236 588 3286 rescribere
606 3235 677 3300 jubet
694 3251 751 3284 nem
766 3239 862 3299 patrio?
904 3235 969 3300 fotis
985 3235 1057 3290 dedit,
1068 3248 1119 3298 pro,
1135 3239 1222 3282 nature
1235 3239 1261 3280 et
1275 3231 1327 3280 fata
1341 3230 1414 3280 dede·

358 3309 445 3374 reliqui
461 3327 507 3360 noo
523 3311 600 3371 patrio
619 3308 748 3358 retinentes
769 3311 862 3362 diverso
912 3316 981 3358 runt:
1004 3307 1036 3356 de
1058 3306 1119 3356 secie
1140 3307 1193 3373 ejue
1213 3315 1238 3355 et
1259 3305 1344 3362 ime,
1362 3313 1415 3371 poet

358 3381 862 3450 modoexplieaut‚Heimiue,qniapoetria
912 3391 974 3450 eget.
1006 3381 1097 3432 Herus.

359 3455 423 3522 apud
435 3455 556 3504 Romanor
567 3471 604 3506 ree
616 3457 662 3508 tuit
673 3457 794 3508 incolens:
812 3461 861 3509 Mi-
946 3460 984 3508 15.
1002 3457 1074 3521 Hoc]
1093 3455 1191 3506 Sdlicet
1203 3463 1272 3504 taum
1281 3455 1412 3520 ingenium.

359 3529 436 3594 eylluu
463 3537 488 3578 et
512 3530 637 3598 Verpoort.
663 3531 721 3597 quia
752 3535 862 3600 exemplo
911 3533 950 3580 Ad
975 3535 1051 3581 undet
1081 3531 1213 3596 Pegasidas.
1254 3529 1296 3578 Ad
1326 3528 1414 3578 sonum

358 3603 479 3670 Sapphus,
492 3619 595 3668 quacum
607 3606 861 3672 comparatillemver.
911 3607 1046 3662 Musarum,
1062 3620 1134 3670 quern
1151 3617 1228 3667 equus
1242 3601 1322 3652 elatu·
1339 3603 1415 3666 Pege·

358 3679 400 3727 20.
412 3676 488 3744 lyrica
498 3676 606 3744 rctipeit3
624 3681 687 3744 quod
697 3681 808 3730 carminis
819 3697 861 3746 ge·
910 3697 959 3738 rue,
970 3681 1031 3747 pede
1043 3680 1134 3730 fodiem
1145 3678 1233 3728 effecit.
1248 3677 1367 3728 Fabulam
1378 3694 1414 3727 re·

359 3767 404 3802 nne
414 3751 531 3801 Romame
546 3762 602 3803 ente
613 3753 739 3805 Horatium
751 3771 799 3805 non
810 3765 861 3806 eret
913 3757 958 3805 fert
977 3753 1103 3821 Hyginum
1126 3753 1200 3803 ovid.
1221 3751 1264 3802 tib.
1283 3751 1316 3802 iv.
1334 3753 1414 3802 Meta·

358 3826 481 3876 ndtatum.
498 3825 582 3876 Horat.
598 3827 632 3877 iii.
648 3828 697 3879 Od.
713 3831 754 3880 30.
772 3832 811 3882 13.
828 3831 861 3880 iv.
911 3831 1002 3896 morph.
1024 3829 1143 3894 Deeignat
1163 3835 1245 3878 entem
1266 3825 1372 3878 Ovidius
1389 3843 1414 3876 ee

358 3901 385 3950 9.
398 3899 468 3951 aiii.
486 3903 507 3950 1.
523 3901 547 3950 2.
580 3903 676 3954 Merula
693 3903 806 3969 intelligit
822 3906 858 3954 la·
909 3905 1010 3970 primurn
1027 3903 1101 3954 filiam
1119 3902 1229 3953 docnieee
1246 3910 1322 3952 artem
1338 3901 1413 3969 poeti·

357 3975 435 4027 ecivoe
448 3991 569 4036 numeroe,
580 3977 667 4043 quibua
680 3988 748 4044 peter
759 3979 860 4030 Ovidius
909 3994 971 4028 carn.

357 4067 415 4104 nene
426 4053 487 4114 fuit3
506 4052 545 4103 cui
559 4050 748 4118 interpretationi
760 4069 808 4102 ver.
819 4055 859 4102 Ἠ.
943 4055 981 4102 19.
1009 4051 1073 4102 idem
1099 4052 1183 4119 ignea]
1216 4051 1295 4102 Iidem
1323 4051 1412 4101 celotes

354 4128 499 4194 respondere
516 4127 619 4184 videtur,
640 4134 665 4176 et
682 4127 778 4193 Sappho
801 4143 859 4192 quo·
909 4127 1044 4195 Apollinei:
1062 4128 1157 4178 erdorer
1167 4127 1266 4192 ingenii.

356 4217 403 4268 que
417 4202 476 4252 talia
493 4199 632 4268 conscripsit
651 4201 771 4252 carmina:
788 4201 858 4250 durn-
