2982 5118
260 423 332 488 Ex
356 421 516 490 ΡΟΝΤΟ
541 423 632 490 LIB.
657 423 726 490 111.
750 424 896 492 EPIST.
919 425 968 492 ΙΙ.
1068 429 1134 496 453

85 593 300 672 Praefuerat
316 599 459 696 templo
476 598 614 672 multos
632 623 677 674 ea
693 599 763 674 rite
780 624 847 699 per
864 623 993 688 annos,
1082 607 1130 678 65

133 712 261 788 Invita
279 739 464 812 peragens
479 716 601 790 tristia
617 739 723 790 saera
741 741 876 805 manu3

88 826 213 912 Quum
232 832 312 904 duo
330 830 483 905 velifera
495 832 653 928 juvenes
671 855 807 906 venere
824 833 962 920 carina,

133 944 441 1046 Presseruntquc
459 972 527 1022 suo
545 947 654 1023 litora
669 959 799 1023 nostra
814 950 924 1048 pede.

88 1059 160 1136 Par
177 1062 250 1138 fnit
268 1063 327 1138 his
346 1074 451 1150 aetas,
472 1074 511 1138 et
528 1087 651 1139 amor:
672 1088 833 1163 quorum
851 1065 945 1141 alter
960 1067 1128 1158 Orestes,

133 1177 244 1254 Alter
261 1190 344 1254 erat
356 1179 544 1278 Pylades:
574 1179 725 1254 nomina
741 1180 841 1254 famo
857 1191 973 1256 tenet.
1082 1191 1130 1259 70

38 1381 45 1400 ,
87 1290 266 1368 Protinus
285 1295 469 1370 immitem
484 1295 618 1370 Triviae
635 1297 824 1372 ducuntur
841 1297 889 1372 ad
907 1323 1021 1387 aram,

135 1409 289 1486 Evincti
306 1415 474 1509 geminas
493 1414 542 1487 ad
560 1437 628 1487 sua
645 1422 751 1510 terga
768 1439 914 1488 monus.

87 1525 242 1625 Spargit
260 1553 362 1627 aqua
377 1542 507 1630 coptos
526 1531 671 1606 lustrali
691 1531 806 1606 Graia
820 1533 1006 1620 sacerdos

133 1643 295 1720 Ambiat
311 1656 354 1720 ut
369 1646 489 1720 fulvas
507 1646 626 1721 infula
641 1647 754 1743 longa
770 1671 910 1722 comas.

85 1757 268 1859 Dumque
279 1773 389 1862 parat
398 1787 558 1852 sacrum,
567 1765 657 1836 dum
668 1764 768 1837 velat
776 1774 947 1864 tempora
955 1764 1071 1853 vittis,
1080 1771 1128 1842 75

135 1875 239 1950 Dum
257 1881 374 1952 tardae
392 1903 526 1956 causas
544 1879 686 1956 invenit
702 1905 823 1978 usque
841 1905 976 1958 morae:

86 1990 172 2066 Non
191 2019 264 2092 ego
282 1996 457 2084 crudelis,
472 1998 631 2094 juvenes
649 1997 844 2096 ignoscite,
864 1999 982 2087 dixit;

135 2109 255 2186 Sacra
272 2139 341 2187 suo
359 2113 455 2188 facio
472 2114 688 2190 barbariora
704 2116 799 2190 loco.

86 2223 198 2301 Ritus
216 2227 249 2302 is
268 2239 328 2302 est
345 2229 491 2327 gentis:
517 2255 594 2328 qua
610 2255 675 2306 vos
693 2241 820 2306 tamen
837 2232 930 2306 urbe
944 2232 1103 2306 venitis?

132 2343 267 2429 Quove
285 2369 417 2444 parum
434 2347 559 2422 fausta
575 2372 702 2446 puppe
720 2347 868 2446 petistis
885 2347 981 2422 iteri
1081 2355 1129 2424 80

85 2458 214 2536 Dixit:
236 2473 288 2550 et,
308 2465 435 2539 audito
451 2465 583 2563 potrioe
602 2465 665 2564 pia
681 2464 832 2539 nomine
848 2463 963 2562 virgo,

133 2577 342 2654 Consortes
359 2579 462 2654 urbis
480 2581 664 2679 comperit
680 2603 765 2656 esse
782 2603 871 2652 suoe.

84 2693 190 2769 Alter
208 2705 249 2769 at
267 2720 289 2770 e
305 2697 425 2783 vobis,
444 2696 578 2795 inquit,
597 2697 708 2770 cadat
724 2692 848 2769 hostia
864 2694 974 2780 sacri,

132 2812 193 2884 Ad
212 2810 355 2910 patrias
373 2813 483 2886 sedes
500 2811 654 2892 nuntius
673 2811 767 2887 alter
783 2821 856 2885 eat.

85 2925 144 3003 Ire
156 2929 271 3026 jubet
285 2926 449 3026 Pylades
466 2953 596 3003 carum
612 2928 799 3028 periturus
819 2925 1002 3002 Oresten:
1079 2933 1127 3002 85

133 3043 208 3119 Hic
227 3055 343 3144 negat
353 3075 363 3138 ;
383 3044 497 3146 inque
514 3046 634 3121 vicem
649 3055 792 3145 pugnat
810 3053 970 3142 uterque
987 3044 1095 3118 mori.

109 3261 149 3308 65.
155 3258 299 3325 Prffusrsu
305 3261 364 3326 dre]
372 3262 503 3328 Proposita
508 3263 583 3311 luerat
633 3261 707 3312 fascia
717 3259 742 3308 in
754 3257 849 3308 modum
859 3257 1010 3316 diadematis,
1020 3265 1045 3308 et
1055 3274 1071 3308 a
1080 3275 1130 3325 qua

83 3333 209 3400 Iphigenia
224 3335 315 3400 templo
324 3335 361 3384 illi
370 3335 478 3386 Taurica
489 3335 583 3385 Diana.
633 3336 698 3384 vitto
709 3336 739 3384 ab
751 3341 851 3398 utraque
863 3341 929 3398 parte
939 3332 1115 3398 dependebant.

115 3409 154 3456 72.
176 3409 274 3458 Evincti
291 3409 418 3473 geminos]
441 3411 499 3458 Erat
519 3409 582 3458 enirn
665 3411 706 3458 tt.
723 3407 768 3456 Suo
785 3407 852 3470 loco]
871 3407 924 3456 Hac
942 3415 1004 3456 terra
1018 3407 1131 3466 Taurica,

82 3482 237 3541 cousuetudo,
249 3489 278 3531 ut
292 3483 338 3532 sris
352 3483 464 3533 destinati
479 3483 585 3534 homiues
634 3499 688 3548 qun
700 3490 735 3532 est
745 3479 861 3530 erudelis:
880 3489 905 3530 et
916 3480 970 3530 ideo
980 3482 1133 3530 sarmatiam

84 3554 222 3620 ligarentur.
634 3557 741 3606 crudelia
751 3554 901 3606 celebrantur
913 3571 927 3604 a
942 3571 980 3605 rue
995 3562 1077 3604 tamen
1087 3571 1134 3604 non

115 3632 155 3680 7³.
177 3633 269 3695 Sparsit
297 3643 373 3696 coptos
399 3635 500 3690 lustrali,
527 3634 584 3698 δια]
635 3631 735 3682 crudeli.

83 3705 215 3756 Lustralem
231 3721 322 3772 aquam
340 3706 460 3773 intelligit,
477 3725 530 3774 qure
549 3709 585 3758 lu·
669 3707 709 3755 79.
717 3706 959 3770 Rituriseatgmffl
970 3704 1055 3754 Malim
1061 3709 1134 3770 genti.

82 3780 183 3830 mutis
207 3797 237 3830 ac
261 3782 393 3847 purgandis
414 3782 497 3831 hostiis
518 3782 586 3831 adbi-
636 3780 727 3830 llsrrs.
760 3779 990 3845 Rituss'sertgerrsis.
1006 3779 1071 3828 Talis
1081 3794 1132 3828 roos

83 3852 195 3916 bebatnr3
219 3871 270 3906 non
296 3856 399 3904 molens:
422 3871 500 3922 neque
521 3857 585 3906 eninr
636 3864 672 3904 est
687 3852 795 3904 Tauricis
809 3853 910 3921 populis,
927 3854 1013 3904 Diana
1029 3853 1133 3918 hospites

82 3927 145 3976 mola
160 3944 225 3993 aqua
241 3931 376 3987 oonsubat,
395 3929 437 3979 sed
455 3929 543 3980 hordeo
561 3939 586 3980 et
635 3925 765 3978 immolare.

82 3999 146 4050 sale:
164 4019 219 4068 qura
239 4010 377 4067 antequam.
387 4004 470 4054 hostire
488 4005 584 4072 jugula-
668 4003 709 4050 ill.
728 4001 823 4050 Nomine
838 3999 940 4063 putris-J
957 3997 1060 4048 Nomine
1074 3998 1131 4064 My-

82 4085 169 4134 rentur,
181 4077 278 4144 aspergi
289 4077 338 4128 illis
352 4087 424 4145 atque
434 4080 511 4129 offerri
522 4080 583 4130 sole·
636 4090 758 4124 cenarum.

83 4147 146 4198 bant.
173 4155 247 4203 Mun.
668 4144 941 4212 84.Adredsspotrs'os.]
961 4142 1132 4202 InGraecirun,

115 4215 154 4264 74.
178 4218 210 4266 Ut
231 4217 313 4283 insula
332 4217 401 4284 longo
417 4221 525 4284 ambiat]
551 4221 585 4270 Ut
634 4223 759 4287 Mycenas.

81 4285 156 4338 infula
173 4291 316 4342 circumdet.
350 4294 408 4343 Erat
425 4293 488 4344 enim
506 4294 583 4361 insula
668 4293 1134 4358 ddluqrseuiecmpugnotutsrqussrors':

731 4369 810 4419 Get
