3064 5104
322 277 367 342 56
613 277 653 342 Ρ.
678 277 839 342 OVIDII
865 277 1078 342 NASONIS

325 449 428 526 Rara
445 461 572 524 tamen
590 452 727 525 mendo
745 451 860 534 iacies
879 461 994 526 caret.
1022 451 1156 526 occule
1173 449 1355 528 mendas:

375 565 577 666 Quamque
594 577 717 666 potes,
735 568 866 641 vitium
884 569 1051 674 corporis
1069 568 1170 641 abde
1187 568 1255 642 tui.

326 690 367 763 Si
385 692 509 766 brevis
527 717 581 779 es,
601 692 735 766 sedeas
751 719 760 780 ;
790 716 838 766 ne
856 702 961 766 stans
974 691 1126 768 videare
1143 691 1304 766 sedere:

375 805 498 907 Inque
516 819 581 883 tuo
594 811 724 906 Jaceas
744 810 1093 908 quantulacumque
1109 819 1204 882 toro.

324 922 398 996 Hie
413 947 579 1023 quoque,
592 949 640 1000 ne
653 925 775 1024 possit
788 925 868 998 fieri
886 947 1063 998 mensura
1079 923 1268 1009 cubantis,
1297 925 1373 996 265

375 1038 521 1140 lujectd
537 1041 680 1116 lateant
696 1039 842 1132 factibi
859 1053 964 1114 veste
981 1040 1112 1140 pedes.

324 1151 420 1258 Quae
438 1155 595 1229 nimium
613 1156 777 1254 gracilis
796 1154 910 1253 pleno
927 1155 1113 1230 velamina
1129 1153 1193 1228 filo

375 1269 529 1347 Sumat:
558 1284 663 1347 etex
682 1273 847 1346 humeris
865 1273 975 1346 laxus
993 1271 1153 1345 amiotus
1171 1279 1246 1344 eat.

322 1385 470 1462 Pallida
486 1390 685 1489 purpureis
702 1390 851 1486 tinguat
867 1412 937 1462 sua
953 1411 1111 1485 corpora
1125 1386 1261 1482 virgis:

373 1501 524 1600 Nigrior
542 1505 591 1579 ad
608 1503 737 1578 Pharii
755 1502 923 1600 confuge·
933 1503 1049 1600 piscis
1068 1525 1195 1600 opem.
1295 1504 1372 1572 270

321 1617 398 1692 Pes
416 1619 536 1694 malus
555 1621 593 1693 in
611 1620 720 1692 nivea
739 1641 889 1716 semper
907 1617 1049 1692 celetur
1067 1617 1194 1692 aluta:

371 1733 490 1808 Arida
506 1758 576 1809 nec
594 1734 726 1808 vinclis
744 1757 854 1808 crura
871 1732 1016 1808 resolve
1033 1731 1125 1806 suis.

353 1953 817 2022 261.M0naa.]ntena01tegius.bene.
868 1953 937 2022 plara
956 1954 1072 2006 dicemus.
1088 1951 1136 2002 illis
1156 1966 1213 2000 vero
1231 1949 1304 2016 virgis
1322 1963 1371 1998 non

320 2027 438 2091 quomodo
448 2037 472 2077 et
481 2029 585 2078 Bamed.
596 2029 676 2080 Amor.
688 2031 746 2080 ⁴17.
868 2039 917 2079 tam
935 2030 1042 2096 tanglttu
1057 2041 1239 2094 eorpus,qnen1
1257 2023 1369 2090 angitur.

354 2099 420 2150 Tune
440 2106 511 2152 acala's
535 2107 602 2170 signa
623 2108 772 2170 qaodcunque
791 2109 816 2154 in
868 2121 923 2154 narn
939 2103 1087 2162 materiem
1105 2117 1153 2168 qus
1169 2101 1218 2150 itte
1234 2099 1308 2164 virga
1324 2097 1370 2148 dc·

384 2179 591 2238 corponmendan
603 2189 642 2226 est.
870 2187 964 2236 emtus,
975 2177 1062 2228 rectius
1077 2187 1155 2242 posset
1171 2175 1219 2225 dici
1235 2173 1302 2238 mugi
1318 2189 1369 2222 cor·

320 2247 397 2297 Etsic
406 2249 466 2299 infra
477 2251 533 2300 781.
544 2252 694 2302 scribendum
705 2263 771 2319 puto,
782 2271 820 2304 aa·
869 2267 922 2316 pua.
955 2253 1080 2301 Buranun.
1113 2251 1160 2299 Per
1179 2252 1256 2315 virgas
1275 2263 1367 2310 purpu-

319 2332 373 2382 reas
387 2327 426 2372 cai
439 2335 532 2386 pectora
546 2329 633 2374 minda.
650 2336 677 2376 ut
692 2341 821 2376 concursus
869 2343 928 2384 raas,
946 2325 1041 2376 vacinia
1056 2324 1178 2390 iutelligit·
1194 2337 1295 2389 (ΨΜ
1312 2335 1373 2370 ¹¹⁸¹*

321 2396 395 2447 duum
412 2417 426 2447 a
444 2399 541 2456 vitetur,
554 2415 627 2466 quern
639 2409 663 2450 et
675 2400 714 2450 hic
727 2401 819 2450 viavit.
869 2400 979 2466 frequens
995 2399 1058 2466 apud
1076 2399 1168 2457 Gallos,
1183 2405 1243 2447 teste
1260 2395 1326 2446 Plin.
1343 2393 1371 2444 in

319 2471 384 2522 Nam
407 2474 464 2524 alibi
490 2474 613 2536 feminino
638 2491 725 2541 genere
752 2476 820 2526 effert
868 2473 1101 2542 dncmrapurpnrea.
1121 2469 1371 2540 Virgaseutendisit,

319 2547 417 2598 Noster.
435 2548 526 2598 Harsa.
543 2548 591 2598 aid.
602 2549 634 2598 ad
645 2549 687 2598 lib.
699 2549 724 2599 ii.
735 2551 794 2600 65³.
869 2565 911 2616 pro
928 2550 1008 2600 baccis
1024 2549 1089 2616 ipsis,
1108 2547 1226 2614 equibus
1245 2545 1308 2603 colar
1326 2561 1371 2594 ea-

350 2623 409 2672 265.
428 2621 595 2688 Ηίιᾳιωφιε.]
613 2623 752 2682 Malima'a
764 2641 818 2688 quo-
869 2623 986 2688 primitur.
1022 2623 1157 2687 Sandyeem
1172 2621 1214 2670 alii
1229 2619 1321 2675 volunt,
1337 2618 1370 2668 de

317 2714 369 2761 aaa.
396 2697 487 2748 Herus.
516 2699 602 2748 Probo.
623 2699 734 2764 frequens
754 2699 818 2748 emm
868 2697 1162 2764 quaVirg.Ecl.iv.45.
1196 2697 1369 2745 Fstseroco·

318 2771 389 2838 liujus
401 2772 507 2822 formulae
521 2789 646 2838 usus,pro,
660 2772 817 2838 licetjaceas,
868 2772 924 2822 loris
939 2789 981 2822 seu
994 2772 1109 2838 pigmenti
1125 2787 1200 2836 genus
1215 2786 1246 2819 ex
1262 2768 1370 2819 mesano.
1467 2811 1469 2820 ,

316 2855 341 2895 et
351 2846 498 2896 abscondere
514 2845 575 2896 velis
584 2848 735 2896 brevitatem.
749 2847 818 2895 sicet
868 2845 958 2896 Anna.

317 2918 367 2967 aiii.
377 2921 440 2968 Met.
452 2919 508 2968 60³.
526 2919 564 2968 Sia
573 2937 658 2983 quoqu
671 2921 817 2980 complectar.
901 2921 958 2970 271.
978 2921 1021 2969 Pes
1031 2923 1106 2968 nialus
1120 2921 1145 2969 in
1159 2922 1226 2968 nivea
1237 2935 1322 2981 smper
1331 2934 1368 2966 ra·

317 2992 360 3040 ubi
372 2991 451 3056 vulgo,
461 2993 520 3041 lane
530 3010 625 3056 petoque.
633 2991 709 3057 Epist.
720 2991 769 3041 viii.
778 2993 818 3042 25.
869 2997 930 3044 latur·
946 2995 1036 3059 aluam]
1056 2995 1120 3044 Albo
1137 2993 1228 3051 calceo,
1243 2991 1369 3044 luvenalis

317 3067 350 3114 ria
357 3083 512 3128 amaricarent
517 3069 648 3128 repetenda.
655 3064 704 3114 rid.
711 3065 729 3113 i.
736 3066 817 3114 Amor.
867 3069 952 3134 Satyra
962 3070 1004 3118 vii.
1017 3074 1090 3136 nigra
1100 3069 1207 3118 meminit
1218 3069 1297 3116 alate.

318 3137 361 3188 rii.
380 3140 418 3189 1³.
430 3139 499 3206 plara
513 3139 623 3188 dabimus
636 3139 667 3188 ad
679 3139 736 3188 vu.
749 3137 816 3188 Flac.
909 3145 1039 3206 Appositum
1063 3147 1136 3212 nigra
1163 3145 1243 3192 lanam
1269 3143 1367 3191 maadi

317 3212 418 3263 ἰν.598.
451 3215 542 3262 Buarr.
931 3221 1010 3268 alate.

349 3287 409 3336 267.
437 3288 510 3336 Plana
532 3291 645 3337 uelamina
657 3289 728 3354 fila]
757 3288 818 3337 Sunt
868 3291 934 3340 albos
948 3293 1042 3342 calceos
1054 3292 1179 3358 Appianas
1192 3291 1287 3340 ridetur
1298 3289 1365 3336 Pna-

318 3377 372 3428 que
391 3361 504 3412 Polimita
523 3363 633 3412 Petronio
650 3379 704 3428 cap.
722 3363 762 3412 40.
779 3361 816 3411 di·
867 3367 927 3412 ean'a
945 3365 1075 3432 appellare,
1092 3365 1132 3414 ubi
1148 3366 1179 3414 de
1196 3363 1301 3414 Antonio
1317 3361 1368 3427 egit

318 3444 412 3486 cuntur.
424 3435 479 3488 vide
489 3453 554 3503 supr.
569 3438 623 3486 109.
867 3438 969 3488 Athenis
985 3439 1050 3488 luxui
1069 3439 1223 3504 indulgente:
1241 3439 1293 3488 Kal
1308 3453 1365 3487 aro·

351 3513 409 3561 269.
428 3511 517 3578 Tangat
526 3529 568 3560 nia
578 3511 693 3574 corsicam]
715 3511 818 3576 Tangere
866 3513 917 3574 Ᾰήν
924 3515 972 3578 εἶχε
981 3512 1137 3579 τετράγωνον
1147 3511 1367 3574 ’Ἑλληνικήνᾰντὶ

317 3585 389 3636 etiam
407 3585 463 3634 alibi
478 3601 520 3650 pro
533 3602 630 3651 ungere,
646 3585 749 3635 illinere.
767 3585 817 3635 vid.
866 3587 1092 3652 sacrasanctam
1109 3585 1226 3648 ὑπόδημα
1241 3585 1275 3645 ἦν
1290 3585 1367 3634 αὑτοῦ

318 3657 348 3708 ad
364 3657 442 3725 Epist.
459 3659 510 3708 nix.
529 3660 570 3708 44.
587 3669 611 3708 et
632 3661 655 3707 ir
675 3659 739 3707 Fast.
757 3659 815 3707 790.
866 3661 956 3711 λευκὸν
976 3660 1100 3717 Ἀττικὸν,
1122 3662 1136 3709 ὃ
1158 3662 1200 3708 sal
1224 3659 1367 3719 Ἀθηναίων

316 3733 358 3783 sed
374 3743 464 3799 navigat,
476 3733 515 3781 hic
532 3748 578 3782 non
592 3743 641 3783 tam
655 3734 742 3799 placet,
758 3733 815 3798 quia
866 3735 966 3800 ἔχουσιν
981 3735 1048 3800 ἱερεῖς
1063 3737 1103 3784 καὶ
1118 3732 1311 3800 ’Δλεξανδρὲων,
1325 3735 1367 3782 sai

316 3807 346 3858 de
364 3807 418 3857 luco
427 3805 513 3871 agitur,
524 3809 554 3857 de
565 3824 613 3873 quo
627 3807 712 3856 rectius
727 3809 816 3872 tingere
866 3810 968 3858 καλοῦσι
989 3808 1132 3859 anauniae.
1169 3809 1224 3856 Non
1241 3823 1298 3871 ergo
1316 3805 1365 3856 albi

317 3883 364 3932 dici
379 3891 444 3948 puto.
482 3879 554 3947 Virga
570 3882 609 3930 hic
627 3891 682 3929 suut
695 3891 756 3930 notin
779 3881 814 3930 lu·
865 3883 939 3930 calcei
956 3883 981 3930 in
996 3899 1040 3931 usu
1058 3881 1183 3930 Romanis.
1211 3881 1367 3929 Placaaiano·

316 3967 386 4015 catte,
404 3957 503 4006 maculo
518 3965 568 4005 arte
579 3957 666 4014 ducta,
685 3955 815 4021 quibusla·
867 3975 917 4003 ram
932 3955 1039 4004 meminit
1056 3967 1081 4005 et
1096 3960 1189 4006 Seneca
1202 3954 1263 4003 libro
1279 3953 1321 4002 vii.
1336 3954 1366 4003 de

316 4033 378 4082 ciem
399 4031 514 4097 pallidam
535 4032 649 4080 illinunt:
676 4039 702 4079 ut
723 4035 814 4096 virgata
865 4031 987 4080 beneficiis
1003 4047 1056 4096 cap.
1068 4031 1116 4080 xxi.
1134 4031 1302 4094 Pythagoricae
1315 4031 1366 4093 qai-

318 4123 389 4155 naras
406 4105 469 4170 apud
486 4105 542 4154 Vel.
559 4105 639 4154 l'lacc.
658 4105 814 4163 ii.158,ubi
865 4107 915 4152 dam
938 4115 1021 4153 enaverat
1044 4125 1057 4152 a
1080 4106 1160 4154 Satara
1181 4106 1299 4165 planasia,
1319 4119 1365 4150 reas
