3020 5106
345 391 412 458 216
637 389 678 458 P.
701 389 864 458 OVIDH
888 385 1102 458 NASONIS

344 563 519 640 Scribere
537 563 569 638 si
586 562 643 638 sus
660 575 720 640 est
737 565 928 642 imitantes
945 565 1071 665 turpia
1087 565 1236 653 mimos,
1315 571 1393 642 515
1498 559 1500 628 l

396 677 570 754 Materies
588 681 710 755 minor
727 690 787 756 est
802 681 932 766 debita
948 703 1061 779 poena
1077 704 1185 756 meoe.

344 793 407 868 An
425 819 544 892 genus
562 796 633 870 hoc
652 796 782 895 scripti
800 794 945 870 faciunt
962 821 1031 872 sua
1047 797 1197 895 pulpita
1213 807 1351 885 tutum,

397 908 587 1007 Quodque
602 911 708 998 libet,
727 910 852 985 mimis
870 933 987 986 scena
1003 911 1117 986 licere
1133 913 1266 986 dedit?

345 1022 397 1100 Et
413 1023 499 1102 mes
515 1036 605 1101 sunt
620 1027 762 1125 populo
780 1025 916 1102 saltata
932 1036 1111 1124 poemata
1127 1051 1251 1126 saepe3

396 1141 655 1241 Saepeoculos
673 1143 787 1230 etiarn
803 1143 1001 1218 detinuere
1018 1153 1119 1218 tuos.
1323 1149 1396 1219 520

346 1255 515 1344 Scilicet,
534 1256 573 1330 in
590 1256 765 1331 domibus
782 1257 916 1332 vestris
934 1267 977 1332 ut
994 1258 1119 1357 prisca
1134 1258 1298 1334 virorum

394 1373 541 1448 Artifici
558 1373 705 1471 fulgent
722 1396 882 1473 corporo
898 1374 1002 1473 picta
1018 1397 1158 1462 manu;

347 1487 412 1562 Sic
430 1513 517 1588 quoe
534 1489 759 1564 concubitus
776 1490 910 1576 varios,
930 1489 1166 1588 Venerisque
1183 1489 1323 1586 figuras

397 1602 610 1704 Exprimat,
629 1615 690 1680 est
706 1605 834 1703 aliquo
852 1627 968 1702 parva
984 1605 1125 1679 tabella
1141 1604 1248 1679 loco:

348 1719 479 1817 thue
497 1721 609 1796 sedet
623 1721 729 1794 vultu
748 1719 871 1794 fassus
884 1718 1131 1794 Telamonius
1149 1721 1256 1808 iram,
1321 1725 1393 1795 525
1497 1713 1500 1734 ¹

395 1833 519 1932 Inque
536 1836 656 1910 oculis
673 1835 818 1911 facinus
836 1837 996 1912 barbare
1012 1849 1133 1912 mater
1148 1837 1286 1911 habet:

346 1949 411 2024 Sic
430 1950 603 2026 madidos
621 1952 739 2026 siccat
755 1952 885 2050 digitis
903 1953 1034 2028 Venus
1052 1953 1128 2028 uda
1144 1953 1316 2053 capillos,

397 2063 448 2140 Et
464 2068 577 2142 modo
594 2069 773 2144 maternis
791 2079 895 2144 tectu
910 2069 1060 2144 videtur
1076 2069 1199 2166 aquis.

347 2183 457 2260 Bella
474 2195 611 2258 sonant
627 2186 689 2260 alii
708 2186 795 2260 telis
813 2185 997 2270 instructa
1013 2185 1194 2291 cruentis,

394 2299 567 2399 Parsque
584 2301 638 2376 tui
657 2302 817 2399 generis,
832 2325 920 2402 pars
937 2313 1003 2377 tua
1020 2301 1120 2376 fectu
1137 2310 1289 2376 canunt.
1319 2304 1394 2374 530

344 2597 425 2657 Silius,
435 2597 479 2650 lib.
489 2599 530 2650 sii.
541 2601 598 2652 565.
609 2617 662 2668 sqq.
670 2601 701 2653 de
707 2601 844 2653 llsnnrbele
927 2603 983 2652 ωδ.
1004 2600 1078 2665 throe
1094 2603 1156 2650 sedet
1177 2599 1277 2662 culmi
1293 2597 1395 2665 Ajscem

344 2673 447 2724 Romen
458 2674 597 2726 obsidente:
894 2683 919 2724 et
930 2674 1043 2724 Medesm
1052 2672 1202 2723 'l'rmomscbi
1217 2671 1305 2729 innuit,
1320 2671 1396 2721 mui-

377 2747 450 2798 N'onc
467 2753 545 2800 oditur
563 2753 656 2809 tumr,
674 2753 764 2802 elousm
782 2769 845 2800 nunc
894 2763 934 2798 mo
951 2747 1027 2814 pretio
1046 2749 1077 2798 eb
1094 2747 1203 2811 Augusto
1220 2745 1348 2802 redemtos,
1366 2745 1396 2794 de

409 2826 587 2886 cuspimputos
895 2821 982 2886 quibus
992 2819 1094 2878 Plinius,
1105 2819 1148 2870 lib.
1160 2836 1233 2868 xxxv.
1255 2818 1348 2867 Medes
1356 2818 1397 2866 Tr·

377 2893 467 2962 Infesta
473 2897 705 2964 ponsqfisss'turqru
715 2900 845 2961 timor-sps-
894 2894 1013 2944 momecbi
1031 2893 1142 2944 laudetur
1158 2891 1275 2948 Ausonio,
1294 2899 1319 2940 et
1338 2890 1396 2941 Plu·

408 2971 514 3018 oeotdos:
554 3013 557 3020 ,
895 2967 986 3026 tarcho,
1005 2966 1079 3016 etiem
1096 2965 1121 3015 in
1136 2965 1284 3031 Anuologis
1302 2964 1397 3015 Graes.

376 3041 449 3092 Nune
460 3045 844 3094 lestuscslsisodstossinooliibus
893 3041 983 3092 Herus.
1014 3041 1088 3105 thue
1107 3045 1168 3091 sedet
1186 3042 1263 3089 oultu.
1290 3038 1396 3088 Tubulus

408 3117 484 3164 lomet
892 3115 977 3182 Ajocis
991 3125 1015 3164 et
1025 3114 1121 3165 Medos
1133 3112 1257 3178 intelligit,
1269 3127 1285 3161 a
1300 3113 1394 3162 cessere

380 3187 463 3236 Urbem
472 3190 553 3237 oculis.
721 3189 811 3238 Herus.
893 3199 949 3240 ente
959 3189 1035 3239 sedem
1043 3187 1145 3239 Veneris
1153 3187 1395 3244 Genitsietsdicstss,

377 3262 433 3311 517.
450 3261 499 3310 Suo
507 3261 623 3324 pulpito-J
642 3261 843 3318 Quaerentente
894 3273 1061 3314 otestsuctor
1071 3263 1174 3313 Plinius.
1252 3293 1255 3298 ·

342 3349 448 3392 scenam,
473 3336 515 3383 ubi
543 3333 638 3383 ludicre
658 3335 843 3399 exercebuntur3
925 3338 984 3388 52⁷.
1001 3335 1263 3402 Sicmodidosdigitis]
1277 3336 1395 3386 Venerem

342 3407 399 3457 side
412 3407 567 3456 Philendrum
581 3406 607 3455 in
621 3406 766 3466 vinnium,
782 3409 842 3458 libro
892 3409 1002 3474 designet
1025 3411 1055 3460 sb
1073 3411 1160 3477 Apelle
1182 3411 1281 3476 pictum,
1298 3409 1330 3460 de
1348 3425 1396 3476 qus

343 3499 367 3530 v.
379 3495 433 3545 esp.
443 3482 469 3529 6.
540 3501 544 3510 ’
892 3483 927 3533 its
941 3484 1034 3534 Plinius
1053 3485 1152 3534 scribit:
1171 3484 1292 3533 Venerem
1306 3499 1395 3532 exeun·

375 3555 433 3604 619.
449 3554 510 3603 Sunt
522 3555 627 3619 populo]
646 3559 703 3605 Non
717 3571 732 3604 s
745 3555 841 3622 populo,
893 3565 941 3606 tem
952 3559 1034 3608 ernsri
1046 3558 1124 3608 Divus
1134 3559 1259 3623 Augustus
1268 3557 1359 3606 dicerit
1369 3557 1395 3607 in

342 3628 385 3678 sed
403 3628 434 3677 sd
449 3628 618 3680 delectandum
635 3631 755 3697 populum,
768 3637 796 3681 ut
811 3630 842 3680 sit
892 3629 991 3681 delubro
1003 3632 1077 3698 petris
1091 3632 1201 3688 Cmeris,
1212 3647 1266 3695 quse
1277 3630 1394 3696 Anodyn-

343 3702 418 3753 dativi
429 3717 506 3753 cesus.
891 3721 970 3764 mene,
986 3715 1092 3757 vocetur.
1134 3707 1265 3757 consenuit
1284 3705 1337 3756 hnc
1359 3713 1395 3754 ts-

376 3778 432 3828 52³.
450 3777 546 3841 Sieqsre
560 3779 700 3836 concubitus,
711 3778 770 3842 dre]
790 3779 841 3829 Ob·
891 3781 950 3830 buis
964 3781 1036 3840 cerie,
1049 3782 1169 3848 eliamque
1184 3797 1226 3846 pro
1243 3795 1273 3830 es
1288 3780 1354 3830 Nero
1367 3779 1394 3829 in

343 3865 412 3901 scurs
439 3851 478 3900 bic
502 3851 613 3915 designet
640 3851 750 3910 Ovidius,
777 3853 842 3918 quod
894 3855 1028 3924 principem
1057 3872 1100 3905 suo
1128 3855 1251 3906 substituit
1277 3853 1393 3904 Dorothei

342 3924 495 3990 Tranquillus
511 3924 842 3991 spertiusdenotstin'libe·
892 3943 973 3978 meno.
1015 3929 1116 3996 Apelles
1141 3928 1296 3978 iochosesrst
1322 3927 1395 3976 elisur

343 3997 378 4048 rio
392 3998 428 4048 his
444 3999 538 4049 serbis:
563 3998 675 4048 Gobieulo
690 4001 842 4065 plurifarios
893 4002 1011 4051 Venerem
1027 4002 1093 4060 Cois,
1106 4009 1259 4068 mperatum
1275 3999 1349 4050 etism
1364 4001 1394 4050 il-

343 4075 449 4137 disposs'to
467 4074 555 4124 tabellis
573 4091 601 4124 oe
619 4074 703 4138 sigillis
722 4075 841 4124 taoetsne-
892 4077 940 4126 lem
958 4075 1069 4141 priorem.
1110 4074 1201 4125 inridit
1219 4089 1282 4124 mors
1298 4083 1395 4140 perects

343 4151 587 4212 momentus-omns
596 4148 765 4214 refigurorom
774 4151 841 4198 odor·
892 4157 975 4216 poster
1001 4165 1045 4200 nec
1065 4148 1106 4215 qui
1125 4147 1264 4197 succederet
1279 4146 1344 4213 operi
1363 4145 1394 4196 sd

343 4225 475 4280 sedebo.
892 4221 1316 4289 prescriptslinesments,inventus
1327 4216 1372 4270 es't.
