2974 5100
367 395 433 464 864
658 395 698 462 Ρ.
722 395 883 462 OVIDII
906 395 1120 462 NASONIS

368 572 446 647 Sed
462 571 568 670 piger
584 571 632 646 ad
650 593 780 670 poeuas
797 569 986 669 princeps,
1006 571 1054 644 ad
1071 571 1228 669 praemia
1245 573 1364 654 velox,

416 685 567 782 Quique
584 686 699 774 dolet,
718 685 866 783 quoties
883 685 1031 782 cogitur
1047 709 1131 760 esse
1148 684 1279 762 ferox:

366 801 441 886 Qui
458 802 547 875 vicit
564 825 724 900 semper,
743 802 851 875 victis
869 813 911 874 ut
930 825 1082 899 parcere
1100 813 1243 899 posset,
1333 805 1397 875 125

417 917 566 991 Clausit
582 927 622 992 et
638 929 777 992 oeterua
794 917 912 992 civica
928 918 1029 992 bella
1046 941 1129 992 sera
1143 946 1151 1006 ;

366 1032 492 1110 Multa
507 1045 609 1108 metu
627 1059 759 1132 poenae‚
778 1058 888 1133 poena
904 1035 971 1131 qui
989 1057 1111 1132 pauca
1127 1045 1309 1122 coercet,·

417 1149 468 1223 Et
479 1149 575 1248 jacit
588 1151 704 1224 iuvita
718 1149 874 1224 fulmina
891 1173 972 1224 rara
989 1173 1114 1224 manu.

368 1263 480 1364 Ergo,
498 1275 576 1340 taur
593 1266 763 1364 placidas
780 1277 903 1340 orator
920 1266 1057 1340 missus
1076 1266 1124 1339 ad
1143 1288 1267 1353 aures,

418 1381 472 1455 Ut
487 1382 638 1481 propior
655 1382 785 1480 patriae
804 1384 853 1455 sit
869 1381 958 1480 luga
975 1392 1114 1468 nostra,
1133 1405 1237 1478 roga.
1336 1385 1397 1454 130

368 1496 438 1572 Ille
456 1521 526 1594 ego
545 1521 640 1584 sum,
659 1498 724 1595 qui
742 1507 781 1572 te
799 1499 898 1572 colui
914 1527 922 1588 ;
953 1498 1181 1596 quemfacta
1197 1499 1344 1572 solebat

417 1613 522 1686 Inter
538 1613 709 1686 convivas
727 1637 858 1687 mensa
873 1614 998 1688 videre
1016 1626 1123 1688 tuos:

369 1727 438 1802 Ille
455 1752 538 1824 ego,
557 1728 621 1824 qui
639 1727 730 1800 duxi
748 1739 891 1802 vestros
910 1727 1145 1828 Hymenaeou
1163 1728 1211 1801 ad
1230 1728 1347 1826 ignee,

421 1843 470 1917 Et
486 1843 609 1916 cecini
623 1841 746 1916 lausto
763 1844 928 1916 carmina
944 1844 1058 1941 digua
1077 1855 1179 1918 toro:

368 1958 488 2055 Cujus
506 1969 545 2031 te
563 1957 712 2031 solitum
730 1958 882 2031 memini
900 1959 1051 2032 laudare
1070 1957 1230 2045 libellos
1336 1961 1398 2031 135
1461 1994 1462 2060 p

418 2071 612 2170 Exceptis,
631 2071 782 2146 domiuo
801 2073 866 2170 qui
885 2097 1044 2146 nocuere
1062 2097 1142 2146 suo.
1461 2129 1462 2134 ,

369 2185 442 2261 Cui
459 2198 526 2261 tua
542 2213 808 2286 nonnunquam
827 2187 975 2262 miranti
993 2187 1135 2286 scripta
1151 2189 1318 2285 legebas

420 2302 489 2378 Ille
506 2328 589 2401 ego,
608 2305 656 2379 de
674 2316 798 2380 vestra
814 2306 875 2378 cui
893 2307 981 2379 data
998 2317 1117 2404 nupta
1133 2306 1259 2379 domo.

369 2416 478 2494 Hanc
496 2421 641 2519 probat,
660 2430 699 2496 et
716 2422 836 2520 primo
855 2422 1031 2496 dilectam
1050 2445 1198 2519 semper
1215 2423 1265 2494 ab
1283 2445 1358 2494 aevo

420 2533 490 2608 Est
507 2536 602 2610 iuter
616 2536 772 2610 comites
792 2535 937 2612 Marcia
953 2561 1067 2611 censa
1084 2561 1192 2625 suas;
1339 2541 1400 2609 140
1462 2558 1463 2594 r

369 2647 491 2748 Inque
508 2653 584 2726 suis
602 2652 736 2726 habuit
751 2664 950 2728 matertera
968 2653 1129 2727 Caesaris
1147 2657 1258 2739 aute}
1462 2643 1463 2646 '

419 2764 587 2850 Quarum
599 2769 742 2866 judicio
760 2769 791 2842 si
810 2795 887 2868 qua
903 2772 1072 2870 probata,
1091 2771 1210 2869 proba
1227 2779 1300 2844 est.

368 2971 400 3022 d
415 2973 544 3024 Alandri
561 2989 636 3040 usque
652 2974 797 3025 dominatum
811 2991 863 3041 per·
911 2978 959 3035 vel,
971 2987 998 3027 ut
1014 2977 1091 3044 potius
1107 2977 1244 3026 Burmtuuo
1260 2975 1361 3033 videtur,
1377 2975 1403 3024 ul

368 3046 464 3104 arturit,
484 3055 512 3096 ut
529 3047 625 3097 Diodor.
641 3049 680 3098 Sic
699 3049 733 3099 ir.
752 3051 790 3100 15.
808 3065 863 3116 pag.
912 3057 1000 3102 vestm
1010 3050 1404 3117 aru.athumpoususetspouss

368 3121 521 3172 mutuat.
554 3121 665 3172 Hlarus.
912 3125 1075 3174 merificabaut
1086 3134 1110 3173 et
1121 3125 1341 3189 comprecabatur.

403 3195 457 3243 126.
474 3195 567 3245 Clausit
575 3195 792 3260 Augustudunum
803 3196 863 3255 Qui·
947 3201 1002 3248 140.
1029 3199 1068 3247 Est
1093 3201 1155 3247 inter
1181 3201 1272 3247 comites
1297 3195 1401 3259 Marcia]

368 3267 423 3326 riui,
443 3270 506 3334 quod
525 3270 617 3335 siguum
637 3271 704 3336 pocis
720 3270 774 3320 luit.
793 3271 864 3322 Trist.
912 3273 1005 3321 Marcia
1018 3273 1078 3328 laec,
1089 3287 1137 3322 nou
1150 3269 1258 3328 Catonia,
1269 3281 1297 3320 ut
1309 3271 1404 3319 hicMe·

368 3341 724 3407 iit1.4⁴.vug.AEn.t.297.
751 3345 864 3394 Hsauaa.
912 3347 964 3395 rula
978 3344 1110 3403 tradito&
1127 3345 1227 3393 Maximi
1245 3341 1404 3400 usufructu

404 3415 458 3463 127.
472 3416 551 3465 Multo
560 3425 620 3464 nerra
630 3417 719 3481 pann]
738 3420 777 3466 Sic
788 3418 864 3468 Tacit.
914 3421 977 3485 quod
986 3437 1016 3470 ex
1025 3419 1109 3468 Tacito
1119 3419 1219 3484 adparet
1229 3417 1296 3467 Aua.
1308 3417 1325 3465 i.
1336 3421 1359 3466 5.
1368 3413 1404 3464 uhi

369 3486 440 3536 Poeuo
455 3491 486 3537 ael
496 3507 585 3552 paoem,
596 3501 667 3538 matur
681 3495 711 3540 ud
723 3495 800 3553 pluras
813 3509 863 3555 per·
914 3493 948 3542 ita
961 3493 1062 3558 legitur:
1087 3493 1176 3554 erippc
1190 3507 1269 3539 mmor·
1284 3495 1405 3544 lama,

369 3563 456 3611 mint.
911 3583 994 3628 paucos
1013 3575 1066 3614 unte
1086 3581 1168 3614 mem
1186 3567 1318 3629 Augustum
1337 3565 1405 3612 electis

404 3636 459 3684 1³3.
486 3634 571 3698 Duri]
598 3637 702 3686 Broulh.
723 3637 753 3686 ad
774 3639 863 3688 Tibull.
913 3643 1014 3696 consciit,
1031 3649 1052 3687 et
1064 3641 1142 3688 comite
1156 3656 1202 3687 uno
1219 3638 1290 3686 Fabio
1305 3639 1405 3690 Maxim.

368 3707 395 3758 it.
407 3709 429 3758 l.
441 3709 482 3758 54.
498 3707 574 3766 docet,
585 3713 667 3758 doecre
683 3711 750 3775 epico
766 3712 864 3761 canuiui
915 3715 1046 3763 Planasiam
1057 3725 1154 3768 uectum,
1163 3715 1193 3760 ad
1202 3715 1320 3762 viandum
1329 3713 1406 3776 Agrip

369 3781 448 3850 potius
457 3783 589 3840 convenire,
601 3787 677 3834 dicero
687 3793 765 3833 autem
776 3787 834 3834 ulla.
848 3787 865 3834 l.
913 3805 974 3850 mm,
987 3789 1032 3838 Sc.
1055 3788 1121 3842 Quod
1132 3787 1257 3834 Marinum
1267 3789 1335 3834 uxori
1347 3786 1405 3832 llar-

368 3859 440 3908 rcbus
449 3857 673 3907 momentileviorir.
706 3859 819 3909 Hlarus.
914 3863 1160 3923 cacuminatum
1173 3859 1258 3908 [joie.-
1274 3860 1405 3925 guummid

404 3931 565 3996 limam]
578 3932 681 3980 Carmen
690 3931 804 3997 nuptiale.
814 3934 865 3982 Dc·
916 3935 1007 3991 Casart,
1018 3937 1062 3984 &c
1095 3933 1165 3992 Quod
1174 3941 1253 3982 autem
1268 3933 1350 3982 eadam
1361 3931 1404 3978 lilia

369 4023 410 4056 aar
422 4015 501 4056 autem
515 4006 650 4070 nuptiarum
664 4005 742 4071 posuit
758 4021 799 4071 pro
814 4007 864 4072 ipso
914 4007 984 4056 luerit
994 4007 1079 4056 Marcii
1091 4005 1203 4071 Philippi,
1212 4005 1289 4054 vitrici
1300 4003 1405 4070 Augusti,

370 4080 530 4147 epithalamio.
547 4081 585 4129 De
594 4079 724 4145 Hymenaeo
732 4081 789 4129 alrbi
796 4081 864 4146 plura
913 4097 942 4132 ex
953 4090 1020 4130 sarto
1031 4083 1151 4130 Fastorum
1164 4089 1238 4146 patet.
1272 4081 1367 4128 Mrem.

370 4155 480 4206 diximus.
496 4157 533 4203 Ad
545 4157 707 4219 ignorantem.
723 4154 763 4203 Ad
773 4165 863 4205 seruas
949 4157 1002 4203 1⁴1.
1019 4153 1146 4203 Motorum
1162 4152 1277 4216 Cauris]
1297 4153 1333 4201 Ex
1343 4149 1403 4200 Julir

369 4228 451 4285 tadu,
458 4243 510 4294 qun
517 4229 660 4280 nubentibus
665 4229 862 4295 professorum
914 4229 944 4280 C.
957 4227 1058 4279 esuris
1068 4243 1152 4284 sucre,
1163 4236 1187 4276 et
1198 4227 1235 4276 M.
1247 4225 1322 4276 Accio
1332 4225 1406 4274 Balbo
