3064 5104
365 321 508 390 ARTIS
530 317 802 434 maroam
825 317 918 386 LIB.
942 319 992 386 11.
1183 322 1207 386 9

158 499 328 573 Dextera
343 495 533 596 praecipue
550 493 654 593 capit
670 491 906 588 indulgentia
923 503 1092 570 mentes:
1134 501 1204 572 145

207 613 404 712 Asperitas
421 611 562 694 odium,
580 631 758 704 saevaque
774 607 902 695 verba,
921 619 1085 684 movent.

162 728 322 803 Odimus
340 727 571 824 accipitrem,
590 723 682 822 quia
698 747 849 822 semper
865 724 956 800 vivit
971 724 1009 798 in
1028 727 1153 816 armis,

210 843 261 916 Et
278 841 455 940 pavidum
472 841 601 914 solitos
620 840 659 911 in
676 861 795 936 pecus
812 838 867 912 ire
883 839 1006 938 lupos.

160 960 213 1034 At
228 968 332 1034 caret
349 957 493 1032 insidiis
511 955 717 1041 hominum,
736 955 827 1052 quia
843 955 960 1042 mitis,
979 955 1161 1034 hirundo:

211 1075 393 1171 Quasque
409 1074 510 1148 colat
525 1083 647 1147 turres
665 1072 833 1146 Chaonis
851 1073 929 1147 ales
947 1072 1075 1148 babet.
1135 1077 1206 1150 150

163 1189 255 1265 Este
273 1189 403 1288 procul
421 1187 519 1273 lites,
538 1197 577 1262 et
594 1211 730 1262 amarae
749 1189 882 1287 proelio
897 1189 1048 1285 linguae.

212 1304 398 1379 Dulcibus
416 1314 475 1378 est
491 1303 614 1376 verbis
632 1302 756 1376 mollis
774 1303 931 1378 alendus
949 1327 1066 1378 amor.

164 1419 246 1494 Lite
262 1419 395 1515 fugent
411 1427 615 1515 nuptaeque
633 1417 744 1504 viros,
762 1429 976 1516 nuptasque
993 1420 1138 1496 mariti:

212 1534 336 1631 loque
348 1535 469 1608 vicem
487 1533 643 1607 credaut
660 1556 720 1606 res
736 1534 809 1608 sibi
827 1557 977 1632 semper
996 1536 1070 1632 agi.

165 1647 248 1725 Hoc
263 1650 375 1724 decet
391 1673 548 1722 uxores:
576 1648 646 1722 dos
664 1657 723 1722 est
739 1649 882 1735 uxoria,
901 1649 999 1724 lites.
1137 1653 1206 1746 155Ι

214 1764 355 1840 Audiat
372 1775 521 1863 optatos
539 1788 689 1863 semper
706 1765 828 1838 amica
844 1789 968 1838 sonos.

165 1882 202 1956 N
205 1907 254 1956 on
266 1882 361 1979 legis
374 1884 484 1980 jussu
500 1882 639 1958 lectum
657 1881 811 1956 venistis
828 1881 867 1954 in
884 1903 1021 1954 unum:

217 1997 399 2094 Fungitur
415 1997 453 2070 in
469 1996 575 2072 vobis
593 2019 746 2072 munere
763 1996 857 2092 legis
875 2019 992 2070 amor.

168 2111 377 2187 Blanditias
395 2113 540 2200 molles,
559 2136 764 2210 auremque
776 2113 948 2210 juvantia
963 2112 1077 2186 verba

216 2227 345 2314 Adfer,
362 2238 405 2301 ut
422 2229 585 2302 adventu
602 2227 690 2302 laeu
706 2227 756 2301 sit
773 2227 837 2301 illa
853 2237 931 2302 tuo.
1139 2231 1210 2302 160

168 2341 256 2416 Νοι]
274 2367 344 2440 ego
361 2343 539 2419 divitibus
557 2345 665 2418 venio
682 2355 893 2442 praeceptor
909 2341 1082 2417 Amoris:

219 2457 283 2530 Nil
301 2482 395 2556 opus
413 2469 473 2532 est
489 2459 555 2546 illi,
574 2459 640 2557 qui
658 2458 776 2546 dabit,
796 2467 875 2532 arte
892 2456 989 2530 med.
1128 2458 1208 2553 [cit.

170 2574 308 2646 Secum
322 2573 438 2648 habet
451 2572 654 2670 ingenium,
672 2574 750 2671 qui,
766 2597 853 2646 cum
867 2574 972 2658 libet,
984 2570 1140 2670 Accipe,
1154 2571 1210 2646 di·

221 2687 423 2764 Cedimus:
453 2688 611 2762 inventis
628 2689 714 2786 plus
732 2688 857 2786 placet
873 2686 935 2760 ille
953 2685 1060 2758 meis.
1142 2691 1210 2761 164

170 2803 406 2902 Pauperibus
423 2814 529 2878 vates
547 2828 617 2900 ego
635 2827 742 2890 sum;
771 2802 862 2898 quia
878 2821 1022 2899 pauper
1039 2801 1173 2874 amavi.

221 2917 320 2992 Cum
337 2919 427 2993 dare
445 2942 519 2992 non
536 2943 688 3018 possem
706 2939 873 3003 munera,
891 2917 1006 2990 verba
1022 2915 1172 2990 dabam.

172 3031 322 3132 Pauper
336 3045 437 3108 amet
453 3045 585 3108 caute:
614 3033 746 3107 timeat
762 3029 987 3104 maledicere
1004 3053 1169 3129 pauper:

223 3149 435 3247 Multaque,
453 3150 631 3224 divitibus
649 3175 723 3224 non
742 3147 931 3248 patienda,
950 3145 1056 3220 ferat.

207 3348 260 3396 15³.
278 3347 330 3399 Lite
336 3346 453 3413 sagana]
472 3346 562 3412 Fugerat
577 3345 669 3414 Regius
717 3347 781 3397 dicia
792 3347 969 3412 frequentamus
981 3353 1005 3394 et
1018 3343 1108 3394 caussis
1118 3345 1216 3408 agendis

172 3427 197 3469 et
204 3419 373 3470 lincolniensis
381 3436 435 3470 curo
444 3418 668 3486 excerptirPnteani
717 3436 814 3487 operum
831 3419 924 3476 damus,
940 3427 964 3466 et
981 3419 1015 3467 ita
1036 3433 1096 3484 cape
1115 3417 1216 3468 Remed.

172 3501 197 3542 et
212 3491 333 3557 Scaligeri.
349 3495 444 3542 modoet
456 3509 550 3558 quoque
561 3493 669 3558 sequenti
721 3494 776 3543 144.

174 3583 242 3616 versu
260 3582 302 3632 pro
316 3570 413 3616 madunt
431 3566 514 3616 iidem.
534 3575 559 3616 et
575 3583 609 3616 m
627 3583 669 3632 pro
842 3567 887 3616 rua
895 3583 947 3632 age,
957 3567 1082 3614 tutareris.

171 3656 220 3688 rem
227 3639 528 3706 melioresomnes.seqnor.
539 3641 670 3691 Herrsrus.
719 3643 785 3691 Suet.
801 3641 864 3690 Caes.
883 3641 925 3690 45.
945 3647 969 3688 et
987 3638 1042 3688 binc
1058 3648 1124 3687 actuo
1141 3655 1217 3688 rerum

175 3713 265 3779 ineptit
286 3712 325 3762 hic
344 3715 448 3771 Merula,
469 3722 493 3763 et
513 3713 554 3779 qui
579 3729 670 3764 cretum
720 3715 786 3779 Aug.
802 3715 843 3764 ³2.
859 3713 922 3779 qnod
936 3713 974 3761 vel
987 3713 1110 3778 tyronibus
1125 3722 1217 3762 notum.

173 3785 259 3836 ducem
278 3787 327 3838 iere
343 3803 437 3854 semper
451 3787 566 3852 seqnitur,
580 3787 669 3854 Crispi·
720 3803 866 3852 sensusergo
877 3786 1219 3844 est,crednotsibicontinuas,

175 3874 227 3916 nus,
239 3860 280 3925 qui
293 3859 323 3909 ed
338 3859 433 3910 divortii
448 3859 572 3909 formulam
585 3860 670 3925 respici
720 3873 745 3910 et
755 3867 850 3910 mutuas
861 3859 915 3909 lites
925 3876 984 3908 esec.
998 3869 1022 3910 et
1036 3859 1080 3908 boc
1096 3859 1220 3924 sequentia

175 3940 266 3997 putant,
284 3949 319 3982 rer
334 3944 385 3982 tuor
402 3935 443 3982 1111
462 3933 619 3984 laisiacum
635 3950 671 3983 res
721 3935 816 3984 docent.
850 3935 940 3983 Buram.

175 4009 214 4070 agi
228 4005 346 4065 dicantur,
361 4023 415 4056 cum
432 4006 471 4056 vel
490 4007 586 4072 negotia
601 4022 669 4055 cura·
758 4009 811 4057 156.
829 4007 942 4070 Optatos]
962 4005 1002 4056 lta
1017 4007 1112 4056 Terent.
1128 4005 1227 4074 fleant,

176 4095 237 4136 urus,
253 4088 281 4129 ut
297 4091 466 4145 procuratores,
482 4079 545 4145 (vid.
561 4079 671 4131 Mareu.
722 4080 800 4131 111111.
811 4082 851 4132 50.
863 4080 949 4147 Optoto
960 4081 1058 4146 lupara.

174 4169 198 4201 v.
216 4151 269 4216 62.)
280 4154 318 4203 vel
331 4153 450 4221 precipue
464 4168 519 4203 omn
533 4153 558 4204 in
572 4154 621 4204 foro
632 4153 671 4218 ju-
