3020 5106
370 377 435 443 ³1⁰
661 369 701 437 Ρ.
725 369 889 437 ovum
913 367 1125 437 NASONIS

377 547 446 624 Est
462 543 617 644 aliquid,
635 543 749 620 fatale
766 543 908 618 malum
925 567 992 642 per
1009 543 1125 618 verba
1140 545 1278 620 levari:

426 661 508 736 Hoc
523 659 718 759 querulam
732 660 906 735 Procnen
921 659 1222 759 Halcyonenque
1233 659 1336 735 facit.
1361 667 1404 736 60

377 775 459 852 Hoc
477 785 569 862 crat,
588 775 627 849 in
643 775 768 873 gelido
786 798 902 874 quare
919 773 1115 849 Poeantius
1132 786 1239 849 antro

424 891 528 967 Voce
545 889 719 988 fatigaret
737 889 894 965 Lemnia
909 913 1002 965 saxa
1019 915 1099 964 oua.

378 1005 595 1104 strangulat
611 1007 779 1082 inclusus
796 1007 914 1094 dolor,
929 1016 1046 1105 atque
1063 1015 1249 1082 exaeetuat
1265 1007 1379 1096 intus;

427 1123 585 1221 Cogitur
602 1133 642 1198 et
657 1123 754 1200 vires
772 1123 1020 1222 multiplicare
1039 1145 1139 1196 suas.

376 1237 437 1312 Da
452 1239 598 1314 veniam
616 1239 754 1338 potius,
773 1240 832 1314 rel
849 1249 951 1314 totos
967 1240 1057 1315 tolle
1074 1238 1244 1326 libellos;
1361 1243 1402 1313 65

426 1353 523 1443 Ηοο,
541 1356 632 1430 mihi
651 1356 753 1455 quod
767 1356 933 1455 prodest,
952 1356 984 1430 oi
1000 1355 1082 1443 tibi,
1101 1356 1232 1442 lector,
1252 1355 1368 1429 obest.

376 1470 452 1547 Sed
469 1495 594 1570 neque
610 1473 745 1548 obesse
761 1483 908 1572 potest:
930 1473 997 1546 ulli
1014 1493 1084 1546 nec
1103 1470 1246 1570 scripta
1262 1469 1403 1544 fuerunt

423 1585 572 1675 Nostra,
591 1587 662 1661 nisi
679 1590 822 1662 auctori
841 1589 1051 1688 perniciosa
1068 1611 1149 1661 suo.

374 1701 426 1774 At
442 1702 540 1775 mala
556 1711 665 1790 sunt3
685 1703 825 1778 fateor:
845 1703 987 1801 quista
1005 1703 1104 1778 mala
1120 1724 1270 1776 sumere
1288 1699 1404 1798 cogit?

423 1816 501 1889 Aut
517 1817 602 1913 quis
619 1818 820 1916 deceptum
837 1841 976 1916 ponerc
993 1827 1119 1892 sumta
1134 1816 1263 1891 vetati
1361 1820 1403 1889 70

375 1927 464 2026 Ipse
481 1953 552 2004 nec
567 1931 748 2006 emendo:
769 1932 850 2019 sed,
865 1941 908 2006 ut
923 1933 984 2007 hic
1001 1933 1167 2008 deducta
1183 1933 1367 2029 legantur,

424 2043 460 2118 N
462 2069 510 2119 on
527 2053 615 2119 sunt
632 2045 697 2122 illa
712 2069 781 2120 suo
798 2048 1011 2122 barbariora
1026 2048 1130 2122 loco:

375 2157 411 2231 N
413 2181 457 2234 ec
475 2185 536 2235 me
555 2160 677 2237 Roma
693 2161 771 2235 suis
788 2163 903 2237 debet
918 2161 1087 2237 conferre
1103 2161 1248 2261 poetis;

424 2272 528 2348 Inter
546 2275 787 2350 Sauromatas
805 2276 1022 2374 ingeniosus
1039 2301 1115 2352 cro.

403 2506 444 2556 60.
455 2505 581 2572 Hocsocit,
590 2507 651 2572 ἂψ]
669 2508 730 2558 Hoc
742 2523 814 2558 ceree
828 2507 863 2558 lo·
913 2507 1058 2556 Philocteteo
1068 2505 1174 2556 Poeantia
1183 2505 1264 2556 filine:
1276 2505 1331 2557 ride
1341 2507 1405 2556 oud.

371 2579 412 2638 cit,
423 2588 450 2629 ut
460 2579 549 2631 Procne
560 2581 658 2647 querulo
673 2589 745 2632 cantu
759 2581 863 2631 dolorem
913 2578 1141 2630 praelibantes:

370 2652 448 2703 levet:
466 2669 519 2719 que
537 2653 582 2703 luit
598 2653 648 2704 filie
658 2651 788 2704 Pandionia
802 2654 863 2720 regie
1043 2651 1097 2702 Nori
1107 2663 1137 2710 te,
1148 2651 1257 2702 Peoete‘o
1264 2655 1348 2716 protae.

370 2726 563 2778 Atheniensium:
580 2728 634 2778 ride
650 2728 698 2778 lab.
714 2729 778 2796 apud
791 2729 864 2778 Ouid.
946 2727 1076 2790 Erpoeitun
1092 2728 1188 2777 honor
1202 2739 1282 2778 noitro
1298 2746 1350 2778 cua
1365 2730 1405 2775 eri·

371 2801 472 2850 Melam.
483 2801 515 2850 ri.
530 2809 555 2850 et
570 2800 608 2862 εἰς
626 2809 651 2850 et
666 2800 804 2868 Apollodor.
820 2801 863 2850 lib.
976 2805 1035 2851 mine
1045 2803 1143 2859 tolieret,

369 2873 404 2924 iti.
428 2875 606 2940 Halcyonenque.
624 2875 700 2942 Ceyx,
716 2875 777 2925 filice
794 2873 863 2925 Luci·
947 2874 994 2929 Qui
1007 2893 1078 2934 eone,
1089 2885 1117 2923 ot
1130 2886 1264 2934 arment,
1275 2877 1407 2926 rilontritoi

370 2948 420 3006 scri,
439 2949 522 2998 hebuit
536 2950 661 3016 conjugem
675 2951 831 3016 Halcyonem,
848 2966 863 2999 a
977 2951 1068 3000 abditur
1079 2951 1162 3006 annu,

369 3037 417 3086 qua
429 3038 502 3086 quum
518 3022 649 3089 prohibitur
665 3023 745 3074 irieeet
763 3023 794 3073 ad
808 3040 863 3073 con·
945 3020 1004 3072 Savo
1028 3040 1099 3073 moces
1123 3027 1220 3090 gemitu,
1240 3023 1407 3088 Luam

368 3096 492 3147 euleodurn
510 3097 647 3163 Apollinem
667 3097 698 3150 dc
716 3107 779 3148 statu
797 3097 863 3163 regni
975 3098 1140 3158 prm,&c.

369 3167 415 3225 rui,
432 3169 555 3234 contragio
575 3171 651 3236 periit.
684 3171 759 3238 Cujus
779 3187 862 3237 corpur
944 3171 1249 3237 6³.Strougulotincletue
1262 3171 1349 3236 ωσι]
1365 3173 1406 3220 Oe
1484 3203 1485 3242 l

369 3259 443 3306 quom
454 3245 485 3293 ad
494 3261 590 3294 uxorem
601 3247 747 3311 Halcyonem
757 3247 862 3296 delatum
912 3243 988 3294 tendit
1006 3245 1110 3295 dolorem
1128 3259 1290 3311 comptonam
1309 3245 1407 3312 graviter

370 3313 510 3372 suintillae
519 3333 544 3366 ee
555 3319 712 3385 precipitavit
723 3321 748 3370 iu
759 3322 864 3388 pelagus.
912 3317 1030 3368 hominem
1041 3321 1164 3372 conficere.

370 3385 401 3433 Et
418 3389 523 3438 converri
536 3399 591 3439 eunt
605 3393 675 3441 ambo
689 3393 714 3441 in
728 3394 865 3444 arremari·
944 3393 985 3442 69.
1001 3394 1034 3441 At
1050 3396 1111 3442 molo
1128 3393 1204 3457 sont]
1230 3392 1337 3444 Minellii
1355 3401 1407 3442 note

370 3473 421 3514 nor,
441 3475 493 3524 quo
514 3461 649 3528 Halcyonee
666 3475 787 3516 vocantur.
820 3469 864 3518 Fa·
913 3473 962 3514 eet:
980 3465 1114 3530 “Negavit
1131 3465 1183 3516 hec
1199 3464 1291 3532 ocripte
1307 3465 1351 3516 ulli
1368 3467 1406 3516 oo

369 3530 450 3579 bulum
467 3543 545 3583 umet
559 3535 668 3593 Ovidius,
684 3537 746 3586 Met.
759 3537 819 3590 libro
832 3541 865 3590 xi.
912 3554 977 3588 eree:
1002 3539 1041 3588 hic
1060 3538 1187 3606 objectioni
1207 3541 1360 3606 mpondem,
1379 3555 1406 3589 ee

371 3603 428 3651 742.
437 3619 490 3670 rqq.
913 3611 977 3661 mele
992 3611 1088 3678 quidem
1104 3627 1155 3662 eree
1168 3612 1300 3678 profitetur,
1310 3613 1353 3663 red
1368 3629 1406 3664 ne·

401 3677 441 3726 ot.
453 3677 483 3726 lo
491 3681 566 3744 gelido
575 3681 691 3729 Pcoutireo
699 3685 788 3748 norm]
807 3687 862 3736 Sor·
911 3685 1000 3735 minem
1010 3687 1041 3735 ad
1049 3701 1129 3736 eorum
1139 3687 1265 3736 lectionem
1275 3687 1338 3754 cogi,
1345 3689 1404 3754 quoti

369 3763 408 3797 um
418 3751 479 3799 illud
490 3751 609 3800 bmnium
619 3754 716 3803 cloeroro
727 3757 863 3810 Philocteteo
911 3773 962 3808 erc
973 3776 1021 3810 non
1031 3759 1210 3811 emendentur.”

362 3824 503 3890 summu
520 3825 573 3875 Cic.
593 3826 624 3875 de
641 3826 706 3876 finib.
723 3827 766 3879 lu.
779 3831 804 3882 ii.
820 3835 862 3884 ubi
944 3834 983 3883 71.
995 3835 1122 3898 Deducta]
1144 3835 1199 3884 h.e.
1216 3833 1321 3884 tenuiter
1336 3835 1404 3901 rcrip

369 3897 430 3947 hanc
447 3897 552 3948 fabulam
565 3899 678 3964 predere
693 3899 719 3949 in
735 3919 790 3954 tuoe
807 3923 862 3958 um
911 3913 950 3954 te:
971 3909 1093 3958 translatio
1113 3909 1212 3958 sumitur
1233 3924 1249 3957 a
1268 3909 1333 3966 lena,
1353 3925 1403 3974 que

368 3971 484 4021 tranelert.
513 3973 643 4034 Contouplo
663 3973 722 4022 lonc
738 3979 818 4037 mero,
836 3983 861 4030 iu
911 3978 1036 4032 deducitur
1049 3983 1075 4031 in
1089 3982 1404 4041 manutenuerunt

367 4063 412 4106 quo
422 4063 461 4112 ego
472 4061 547 4094 nouem
560 4047 645 4108 hyemes
654 4062 705 4094 roro
715 4057 800 4100 etratus
807 4070 860 4114 per·
910 4052 941 4102 etl
954 4053 1021 4120 Virg.
1032 4055 1084 4104 Ecl.
1091 4055 1122 4105 ri.
1130 4059 1154 4104 5.
1167 4065 1242 4106 notet.
1252 4058 1404 4124 Verpoorten.

369 4121 430 4177 tuli,·
448 4119 536 4168 Attius.
555 4116 623 4179 Μηδὲ
644 4117 781 4186 σύντροφον
804 4125 861 4190 ὄμμ’
910 4125 1021 4177 Hennes.

368 4188 442 4252 ἔχων·
470 4191 580 4256 Sophocl.
609 4193 657 4240 lab.
676 4195 700 4240 7.
736 4195 860 4249 Poeantius.
