2974 5100
369 389 436 458 m
660 387 701 454 Ρ.
723 385 885 454 ovum
908 387 1120 454 NASONIS

373 563 497 640 Firma
512 565 563 638 sit
579 561 645 638 illa
662 562 763 650 licet,
782 561 949 638 solvetur
965 561 1004 634 in
1025 585 1177 660 aequore
1193 564 1311 650 navis,

418 679 514 766 Qua
530 703 724 778 nunquam
741 679 894 778 liquidis
912 679 1015 752 sicca
1031 680 1176 755 carebit
1192 681 1314 778 aquia.

369 794 437 870 Me
453 819 606 894 quoque
622 795 795 870 debilitat
811 796 927 870 series
944 796 1128 871 immensa
1144 797 1339 882 malorum,

419 911 521 987 Ante
538 936 663 987 meum
680 923 829 1011 tempus
846 911 948 1009 cogit
965 922 1005 985 et
1021 937 1106 986 esse
1125 933 1268 987 senem.
1361 917 1406 983 20

370 1027 461 1103 Otia
477 1051 613 1127 corpus
631 1029 757 1116 alunt3
778 1025 924 1100 animus
944 1051 1098 1125 quoque
1115 1027 1285 1126 pascitur
1301 1027 1393 1104 illis:

421 1142 650 1220 Immodicus
667 1155 797 1219 eontra
812 1143 934 1242 carpit
950 1153 1153 1241 utrumque
1171 1143 1289 1216 labor.

368 1260 548 1361 Adspice,
564 1264 602 1336 in
619 1261 686 1336 hes
703 1271 829 1360 partes
847 1261 950 1358 quod
966 1260 1111 1335 venerit
1128 1261 1270 1337 AEsone
1286 1273 1403 1344 natus,

419 1377 544 1464 Quam
561 1378 710 1453 leudem
729 1402 752 1452 a
768 1401 852 1452 sera
868 1377 1087 1477 posteritate
1104 1374 1212 1451 ferat.

369 1493 422 1568 At
438 1494 545 1569 labor
560 1494 660 1568 illius
677 1504 804 1568 nostro
820 1493 1011 1590 leviorque
1028 1491 1240 1589 minorque,
1359 1495 1402 1564 25

421 1611 462 1684 Si
480 1611 592 1684 modo
610 1635 685 1684 non
701 1633 831 1685 verum
848 1609 1000 1684 nomina
1016 1631 1152 1706 magna
1169 1617 1358 1708 premunt.
1477 1597 1478 1600 ¹

370 1726 440 1801 llle
457 1727 571 1801 estin
589 1725 767 1814 Pontum,
784 1726 891 1802 Pelia
906 1726 1092 1812 mittente,
1110 1725 1316 1824 profectus,

419 1841 494 1926 Qui
511 1843 574 1916 vix
591 1841 796 1917 Thessaliae
813 1843 887 1919 line
905 1843 1094 1918 timendus
1111 1851 1214 1932 erat3

371 1957 532 2032 Caesaris
550 1958 605 2032 ira
621 1959 712 2032 mibi
731 1961 870 2046 nocuit,
890 1982 1005 2058 quem
1025 1958 1124 2032 Solis
1142 1958 1191 2031 ab
1208 1970 1295 2032 ortu

420 2075 519 2148 Solis
537 2075 585 2149 ad
602 2099 759 2150 occasus
777 2089 935 2176 utraque
954 2088 1054 2154 terra
1069 2073 1208 2148 tremit.
1358 2077 1403 2145 30
1477 2121 1478 2150 t

368 2190 391 2263 J
397 2192 540 2266 unctior
551 2189 749 2268 Haemonia
758 2205 818 2268 est
827 2194 962 2282 Ponto,
975 2216 1088 2290 quam
1100 2191 1225 2264 Roma
1238 2191 1401 2274 sinistro;

419 2305 470 2380 Et
485 2307 646 2396 brevius,
666 2333 780 2405 quam
798 2333 877 2395 nos,
897 2309 959 2384 ille
977 2305 1123 2406 peregit
1140 2306 1224 2380 iter.

369 2420 440 2497 Ille
458 2422 591 2498 habuit
607 2424 777 2512 comites,
796 2427 936 2524 primos
953 2423 1096 2498 telluris
1114 2422 1292 2498 Achivae:

418 2538 469 2612 At
486 2550 650 2614 nostram
667 2541 794 2614 cuncti
810 2541 1016 2616 destituere
1034 2539 1181 2636 fugam;

368 2653 449 2729 Nos
466 2654 587 2752 fragili
604 2665 750 2730 vastum
768 2655 870 2753 ligno
888 2655 1113 2730 sulcavimus
1131 2675 1283 2750 aequor:
1358 2655 1402 2724 35

416 2769 510 2854 Quae
529 2770 616 2845 tulit
633 2769 849 2858 AEsoniden,
869 2771 976 2846 firma
993 2770 1120 2845 carina
1136 2767 1228 2856 fuit;

367 2883 404 2959 N
406 2909 449 2960 ec
466 2884 612 2986 Tiphys
630 2886 721 2960 mihi
739 2897 861 2963 rector
879 2897 979 2976 erat3
1003 2910 1072 2960 nec
1090 2884 1264 2981 Agenore
1283 2894 1387 2958 natus

415 3001 521 3088 Quas
539 3026 729 3100 sequerer,
748 3004 888 3091 docuit,
905 3027 1001 3102 quas
1018 3002 1277 3099 fugeremque,
1290 2999 1385 3086 vius3

364 3203 450 3254 genere
466 3187 497 3238 ds
517 3187 626 3238 omnibus
645 3189 793 3254 equestribus
808 3205 859 3238 eer-
942 3189 981 3237 ³0.
996 3187 1097 3250 Utraque
1108 3185 1192 3248 uera]
1207 3183 1282 3234 Terra
1291 3191 1316 3233 et
1325 3179 1401 3232 uisnti

364 3261 499 3318 terminibus.
507 3261 593 3326 quein
605 3263 676 3312 Circo
686 3263 736 3313 lieri
744 3261 859 3320 solebant,
908 3269 933 3310 et
943 3259 1039 3310 occasui
1050 3259 1184 3325 subjacens.

363 3333 552 3400 intelligendum.
579 3337 675 3385 Mrcuc.
941 3333 1293 3398 ³1.Jmurt0r.]Jmttorpro
1303 3331 1402 3384 mbr.

397 3409 435 3456 ltl.
455 3409 512 3463 Qus
535 3425 653 3472 nusquarr
675 3411 789 3474 muido]
817 3411 860 3458 Est
908 3409 1028 3474 eleganter
1038 3417 1064 3458 et
1073 3407 1168 3456 Latine.
1191 3405 1402 3455 Haerentes

363 3488 443 3530 cutam
466 3479 523 3530 ordo
549 3481 686 3532 verborum:
715 3482 781 3532 uaris
805 3482 857 3540 illa,
907 3480 1225 3540 saliaundesolvitlsson.
1255 3481 1338 3528 Porto.
1351 3477 1402 3528 col·

363 3553 514 3620 quantumvis
524 3553 599 3611 firme,
608 3555 712 3605 solvetur
721 3556 747 3604 in
756 3571 858 3621 equore,
907 3557 981 3615 obidi,
999 3572 1053 3622 que
1072 3557 1147 3605 Ponto
1164 3555 1269 3620 adjacet.
1303 3555 1401 3604 atum.

362 3643 416 3694 que
439 3641 560 3691 nunquam
583 3627 674 3678 carebit
694 3628 771 3694 aquis,
793 3630 858 3679 sicca
907 3630 981 3680 Multi
991 3633 1021 3679 sit
1030 3630 1098 3679 lrtro.
1120 3629 1401 3677 Stubterettcvusl’ss·

361 3704 423 3770 ipss.
435 3701 484 3751 sive
494 3699 590 3750 insieco
600 3701 723 3750 exsistens.
747 3703 841 3752 Mrem.
909 3715 946 3754 tas
954 3703 1042 3770 passim
1053 3702 1078 3752 is
1089 3701 1126 3752 bis
1136 3711 1161 3751 at
1169 3701 1285 3751 Triarium
1295 3702 1367 3752 libris·

392 3774 621 3838 cesimum]
640 3775 665 3824 Si
679 3774 757 3832 modo,
772 3775 857 3841 iuquit,
940 3779 981 3827 ³³.
1000 3776 1109 3840 Primos]
1133 3775 1263 3824 Primarius
1284 3775 1401 3824 homines:

361 3859 428 3916 gesta
448 3847 549 3916 slicujur
565 3847 624 3898 clari
641 3847 684 3897 riri
703 3865 751 3898 nou
767 3865 858 3916 prapo-
908 3851 1030 3900 Castorem
1047 3849 1147 3907 seilicet,
1162 3858 1187 3900 et
1202 3849 1335 3907 Pollucem,
1346 3851 1401 3898 ller-

362 3931 447 3976 nsntur
458 3921 526 3973 lectis
541 3921 642 3972 bominis
653 3921 707 3971 vilis
720 3927 745 3972 et
755 3923 855 3988 abjecti:
907 3927 994 3982 omem,
1012 3925 1079 3981 alios,
1093 3939 1154 3989 quos
1163 3921 1245 3972 vater.
1262 3923 1331 3973 Flac.
1346 3939 1400 3973 enu-

362 3999 429 4066 quesi
441 3997 545 4056 diestsi
560 3995 629 4048 modo
646 4011 692 4046 non
705 3997 803 4047 soluerit
814 3997 857 4048 sli-
908 4007 982 4048 meret
992 3997 1016 4048 in
1028 3997 1087 4046 libro
1097 3998 1114 4044 i.

361 4074 415 4139 quis
428 4073 519 4123 lebetes
528 4073 544 4123 J
547 4070 625 4121 aeonis
635 4069 693 4121 meis
705 4087 856 4138 papanem
938 4073 980 4120 ³7.
998 4071 1047 4120 Nec
1064 4069 1201 4141 Agenore-J¹
1212 4067 1333 4135 lnulligit
1350 4069 1402 4118 Pti-

360 4153 483 4232 propteros
493 4144 557 4211 quod
572 4143 666 4212 majoris
679 4153 715 4196 est
729 4145 855 4210 auctorita·
907 4161 978 4195 neum
996 4153 1075 4211 poeta,
1090 4144 1131 4210 qui
1150 4143 1234 4194 Jasoni
1247 4144 1320 4202 viam,
1334 4158 1401 4211 quan

255 4247 258 4258 ·
360 4227 398 4280 tu,
409 4235 481 4287 quem
492 4235 545 4286 ego.
906 4226 1050 4284 sequeretur,
1070 4216 1193 4276 indicauit,
1215 4226 1241 4267 et
1262 4233 1311 4282 quo
1334 4223 1401 4284 paeto
