3020 5106
285 387 528 457 TRISTIUM
552 391 642 456 LlB.
667 390 716 459 11.
738 391 809 458 ΕΒ.
832 389 999 462 UNICA.
1104 397 1167 463 211

106 559 159 636 Et
176 587 351 661 quorum
365 564 483 650 libris,
503 563 618 637 inodo
632 563 870 642 dissimulata
888 565 1038 642 Perille

154 677 344 768 Nomine,
364 703 464 752 nunc
482 678 620 775 legitur
637 677 752 768 dicta,
773 679 944 770 Metella,
959 694 1038 759 tuo.

107 792 145 866 ls
164 817 341 893 quoque,
363 795 571 872 Phasiacas
588 794 692 893 Argo
711 799 778 895 qui
795 800 907 875 duxit
924 801 962 874 iu
980 801 1114 889 undas,

155 910 249 985 Non
266 911 397 1010 potuit
408 911 567 988 Veneris
584 910 685 987 furto
700 924 828 991 tacere
846 939 937 991 suae.
1090 921 1166 992 440

105 1025 189 1101 Nec
226 1027 359 1102 minus
396 1025 588 1115 Hortensi,
617 1053 686 1103 nec
719 1041 809 1105 sunt
843 1033 967 1107 minus
997 1034 1168 1134 improbe

261 1143 373 1219 Servi

154 1259 365 1348 Carminc3
395 1260 481 1358 quis
498 1261 649 1335 dubitet
667 1262 819 1336 nomina
834 1273 943 1338 tanto
960 1265 1096 1361 sequi?

104 1373 232 1450 Vertit
248 1375 449 1451 Aristiden
469 1376 651 1452 Sisenna:
680 1403 751 1452 nec
769 1377 891 1453 obfuit
911 1378 964 1452 illi

153 1489 339 1566 Historiae
360 1503 490 1592 turpes
509 1493 712 1568 inseruisse
725 1493 853 1592 jocos:

106 1605 188 1682 Nec
203 1608 277 1682 suit
294 1609 501 1708 opprobrio
515 1610 729 1686 celebrasse
743 1608 932 1711 Lycorida
946 1611 1070 1698 Gallo,
1089 1615 1164 1686 445

154 1725 236 1799 Sed
254 1725 428 1822 linguam
446 1724 562 1798 nimio
581 1749 655 1800 non
672 1727 840 1801 tenuisse
857 1749 973 1802 mero.

104 2007 182 2047 suurn
192 2013 254 2065 opus
264 1999 376 2066 appellet
386 2008 480 2066 propter
490 2002 613 2058 emeterio,
696 2003 752 2051 439.
764 2001 786 2050 ls
796 2018 890 2065 quoquc,
901 2001 1023 2052 Phasiacas
1035 2003 1113 2068 Argoa
1124 2006 1165 2066 qui

105 2089 156 2137 qun
178 2073 204 2122 in
228 2069 265 2122 eis'
292 2073 614 2139 continebuntur-Parque
662 2077 1019 2140 duzittsrundss‚Nerrpstsit.]
1033 2077 1164 2128 Varronem

106 2148 197 2198 &uris
210 2166 276 2212 spru.
304 2146 420 2198 Velen'us
431 2149 612 2199 CatuluitBir-
662 2149 805 2200 Atteciuum
821 2149 942 2217 intelligit,
958 2152 998 2218 qui
1016 2150 1164 2202 Leucadium

105 2221 312 2289 sennicujusdsm
320 2221 424 2270 libertus
433 2238 463 2272 er
472 2223 562 2280 Gellia,
570 2224 611 2289 qui
662 2225 758 2276 eruerit.
791 2227 866 2275 Verre
881 2225 954 2276 etism
974 2225 1068 2291 scripsit
1086 2226 1162 2290 Argo-

105 2297 277 2360 masicen
285 2295 500 2362 doeurnirusque
511 2305 548 2346 est
558 2313 611 2364 per·
661 2300 766 2357 nsudcs,
792 2299 947 2366 Apollonium
974 2300 1097 2362 imitetus;
1123 2299 1163 2348 rel

105 2369 202 2419 idoneus
217 2377 355 2436 preceptor
369 2367 472 2419 mesine
488 2370 519 2420 sd
536 2371 611 2438 poeti·
660 2375 773 2440 potiusin
787 2375 898 2426 hunum
909 2375 990 2424 vertit.

104 2457 156 2493 cern
173 2443 340 2494 tendentibus.
374 2443 400 2491 ls
416 2443 509 2510 scripsit
527 2455 613 2510 preter
692 2450 749 2498 441.
767 2449 815 2498 Nee
826 2451 900 2497 minrrr
910 2446 1042 2510 Hortarii]
1061 2448 1162 2496 Horten·

105 2519 272 2582 medea
284 2517 391 2574 libellos,
403 2518 475 2568 etism
491 2527 611 2584 poeruste,
660 2522 709 2572 sius
719 2519 1162 2586 etSerriusSulpitius.qusrnvislue·

105 2593 232 2657 exquibus
244 2591 370 2658 precipue
377 2593 475 2657 probsts
482 2592 527 2642 tuit
536 2591 613 2658 Lydis
660 2595 707 2644 rint
727 2595 809 2662 oprimi
831 2603 944 2651 emtores,
965 2591 1162 2642 mansuetioribus

106 2673 128 2714 et
138 2666 234 2716 Diana:
252 2681 309 2732 qun
322 2665 363 2716 bie
374 2663 477 2716 Ovidius
487 2665 611 2732 iutelligit.
660 2676 741 2719 umen
750 2669 829 2718 Musis
839 2681 936 2732 operum
945 2665 1048 2716 dedere:
1066 2663 1162 2732 Sulpitii
1210 2703 1215 2712 .

137 2741 193 2790 4³8.
210 2741 313 2790 Metello
329 2739 392 2802 Μ]
415 2739 455 2789 Sic
475 2741 613 2790 emeuderet
661 2743 733 2792 etiem
744 2741 851 2790 meminit
859 2739 987 2796 Ausonius,
998 2738 1067 2803 cujus
1077 2754 1162 2804 poerne

106 2813 224 2872 Heinsius,
247 2815 368 2880 probante
395 2813 541 2870 Bormanon,
569 2813 609 2863 cui
658 2815 747 2881 prurire
764 2813 825 2864 dixit
842 2822 936 2878 propter
957 2811 1069 2862 carminis
1088 2811 1158 2862 lesci-

106 2887 233 2952 elegeutier
254 2887 309 2938 brec
335 2887 408 2936 lectio
428 2887 534 2938 ridetur:
552 2888 610 2954 quie
659 2889 731 2938 νὶιω.
823 2879 827 2888 ’
977 2881 981 2888 ’

106 2962 403 3029 mscoppusitioestinter
411 2965 575 3014 dissimulatum
586 2971 611 3011 et
691 2965 749 3013 443.
785 2961 858 3011 Vertit
885 2962 1008 3010 Aristidem
1042 2961 1159 3026 Sisenem]

105 3041 241 3086 nomine
253 3038 346 3086 maur.
368 3035 610 3086 Seuntsmenride·
661 3039 779 3087 Aristiden
796 3035 912 3084 meliores.
944 3033 1026 3083 Scribe
1040 3035 1112 3084 etism
1124 3035 1162 3084 δι’·

107 3117 142 3156 tur
158 3109 271 3160 Bentleu
288 3107 326 3157 sd'
339 3108 467 3158 Horatium
481 3109 526 3158 loc.
541 3123 611 3158 meur.
659 3127 730 3168 serm
748 3111 783 3158 ite
797 3109 861 3159 euim
879 3107 903 3156 in
921 3108 1026 3173 antiquis
1042 3108 1120 3158 uumls
1135 3109 1161 3158 id

108 3181 612 3249 l'nlgateenimlectio,dictrr,Metellorum
660 3201 747 3236 nomeu
760 3191 884 3234 exustum
899 3184 1009 3233 occurrit.
1036 3184 1162 3236 Hsrrrs..

108 3259 189 3321 (qussi
199 3258 277 3308 hebet
287 3271 387 3322 quoque
397 3255 455 3305 edit.
466 3255 527 3318 vet.)
541 3257 564 3306 ei
575 3265 611 3306 est
660 3260 688 3307 L.
699 3259 823 3310 Sisennam
840 3257 903 3306 inter
917 3267 1021 3306 orstores
1038 3267 1162 3308 enumeret

107 3331 248 3395 eleguriorr
277 3337 295 3358 “
308 3329 377 3379 diere
393 3329 487 3379 nornine
506 3331 610 3386 Metelli,
659 3332 753 3382 Cicero.
793 3333 886 3380 Doctus
904 3331 940 3378 vir
961 3339 1013 3380 eret
1031 3339 1056 3381 et
1075 3332 1161 3382 studiis

107 3403 370 3472 recimerem
382 3405 484 3452 Metella.
504 3405 608 3454 Femina
658 3405 754 3471 optimis
775 3404 879 3460 deditus,
900 3419 987 3467 gnerus
1014 3406 1160 3472 reipublice.

106 3479 165 3528 euim
174 3479 272 3530 inomni
281 3478 377 3528 sensilis
385 3493 401 3527 s
409 3478 513 3528 muribus
521 3493 607 3527 nomen
659 3493 705 3528 non
721 3479 772 3528 siue
783 3478 887 3527 umus:
906 3479 1027 3528 transtulit
1043 3497 1057 3530 e
1074 3481 1160 3531 Gneo

105 3563 246 3620 acceperim
256 3553 282 3602 iu
294 3551 451 3602 Metellorum
464 3563 535 3618 geute
551 3555 607 3602 Me·
657 3552 683 3603 in
699 3554 811 3604 hunum
827 3552 940 3604 Aristide
957 3554 1029 3604 libros
1044 3555 1159 3614 Milesios,

105 3627 296 3679 telleiuerunt!
312 3625 527 3675 Antesreroidenr
534 3625 608 3691 scrip·
658 3626 689 3676 de
700 3629 787 3693 quibus
798 3636 868 3678 entes
877 3628 990 3678 diximus.

107 3713 174 3759 seret,
187 3719 235 3752 uon
249 3701 363 3752 Treidm
380 3699 465 3758 mlum,
476 3699 519 3749 sed
535 3699 608 3748 αἰιω
691 3704 747 3752 446.
766 3702 1014 3767 Nresur'topprcbrio.]
1034 3703 1160 3752 Cornelius

106 3773 213 3834 Citium,
224 3778 355 3830 Anserem.
373 3773 418 3822 rel·
435 3772 479 3822 tub
490 3771 549 3822 ftlw
562 3771 608 3820 Pt-
658 3776 746 3826 Gellus
761 3791 800 3826 res
816 3784 901 3826 tenens
916 3777 1047 3834 Romnum
1058 3776 1159 3842 AEgypti

104 3849 159 3898 nlle
168 3850 264 3899 mine
275 3863 372 3898 emeres
381 3861 437 3896 suos
445 3861 499 3896 cum
508 3844 610 3895 Metelis
659 3859 802 3913 procuretur,
813 3849 924 3900 exhausit
933 3851 1056 3900 civitatem
1065 3851 1159 3899 Thebu-

105 3923 346 3988 rmus-vulgum
362 3929 445 3986 etque,
456 3920 498 3977 eit,
511 3918 563 3968 “id
573 3918 609 3968 in·
659 3923 838 3990 rurn,plurimis
845 3924 994 3990 interceptis:
1006 3939 1159 3987 severusque

105 3997 181 4061 primis
196 3997 333 4048 uorsudum
349 3996 418 4046 eddit
429 3993 557 4060 (Ovidius)
567 4011 607 4045 ve·
658 4013 731 4062 quum
743 3999 798 4048 lurti
809 4007 968 4056 accusaretur,
975 4005 1041 4046 metu
1048 3993 1159 4044 nobilite-

105 4085 153 4120 ruur
171 4072 271 4122 tndem
293 4069 406 4120 Metelle
427 4081 520 4128 nornen,
541 4069 607 4134 (post
657 4071 689 4120 tis
709 4072 795 4122 scrita
818 4071 956 4136 indignate,
979 4069 1018 4118 cui
1039 4067 1159 4130 negotium

104 4161 180 4196 rerum
188 4147 262 4198 credo
272 4145 400 4207 obitus‚)e
411 4143 512 4194 librariis
518 4144 606 4210 reposi-
658 4147 846 4210 cognoscendum
852 4146 949 4194 dederet
954 4145 1086 4206 impensor,
1091 4139 1158 4186 stric-

105 4227 151 4268 turn
161 4237 221 4278 esse,
232 4222 292 4272 licto
303 4221 348 4270 illo
359 4219 474 4284 rejecto.'’
494 4219 606 4268 llururs.
657 4229 681 4269 to
696 4221 804 4270 incubuit
818 4221 886 4276 terro,
901 4228 927 4267 ut
938 4217 1008 4265 docet
1019 4212 1160 4261 Ammianus
