2982 5118
350 387 417 456 m
642 383 683 474 r.
705 379 870 448 ovrnn
892 379 1106 448 sisoius

350 559 375 634 J
377 559 528 660 uppiter
543 559 581 632 in
598 557 737 632 multos
753 555 954 632 temeraria
968 555 1125 632 flumina
1140 567 1304 655 torquet,

401 673 477 760 Qui
494 697 645 775 poenam
661 673 777 772 culpa
793 697 867 748 non
884 695 1055 748 meruere
1071 672 1167 771 pari.

352 791 531 866 Obrucrit
546 789 656 864 saevis
673 815 793 889 quum
808 798 867 864 tot
884 788 991 866 Deus
1004 788 1167 888 equoris
1183 787 1311 876 undis,

401 905 462 980 Ex
479 905 552 980 illis
569 905 687 1002 mergi
705 929 792 1005 pars
809 917 926 1003 quota
942 905 1058 1002 digna
1073 904 1171 980 fuit?
1342 909 1387 978 30

348 1019 475 1106 Quum
492 1030 649 1120 pereant
664 1021 747 1096 acic
762 1019 965 1095 fortissima
981 1045 1156 1120 queque,
1176 1022 1249 1096 sub
1267 1021 1348 1120 ipso

398 1135 422 1211 J
426 1138 547 1226 odico,
566 1137 738 1212 delectus
756 1135 893 1210 Martis
909 1134 1062 1235 iniquus
1079 1137 1162 1212 erit.

349 1253 413 1343 At,
432 1253 465 1328 si
482 1253 577 1328 forte
594 1253 686 1327 velis
704 1252 743 1326 in
760 1276 829 1326 nos
845 1251 1048 1350 inquirere,
1066 1277 1179 1328 nemo
1195 1263 1257 1328 est

399 1367 475 1454 Qui
492 1394 547 1456 se,
565 1369 670 1467 quod
687 1367 839 1468 patitur,
854 1367 1122 1444 commeruisse
1139 1379 1267 1466 neget.

349 1485 471 1571 Adde,
483 1485 586 1582 quod
596 1483 807 1558 exstinctos
816 1484 876 1558 vel
886 1507 999 1582 aqua,
1009 1484 1069 1560 vel
1082 1483 1220 1572 Marte,
1228 1486 1289 1560 vel
1302 1484 1385 1583 igni,

400 1601 516 1676 Nulla
532 1611 658 1700 potest
674 1600 811 1674 iterum
827 1598 1037 1674 restituisse
1052 1599 1148 1675 dics.
1341 1604 1385 1676 36

350 1715 535 1792 Restituit
551 1715 701 1804 multos,
720 1726 787 1790 aut
802 1739 925 1814 poenae
942 1725 1048 1814 parte
1064 1715 1201 1790 levavit

399 1833 550 1922 Coesar3
571 1843 622 1918 et,
637 1833 675 1904 in
692 1832 820 1906 multis
837 1855 898 1906 me
915 1831 1004 1906 velit
1019 1855 1117 1920 esse,
1136 1857 1283 1931 precor.

347 1949 409 2024 An
426 1959 480 2038 tu,
499 1973 617 2047 quum
634 1949 700 2022 tali
718 1952 881 2049 populus
899 1949 971 2024 sub
987 1948 1157 2049 principe
1174 1951 1307 2038 simus,

397 2063 587 2164 Adloquio
603 2063 750 2165 profugi
770 2067 894 2142 credis
911 2067 1036 2140 incssc
1050 2068 1223 2141 metum?
1340 2071 1385 2140 40

347 2178 519 2255 Forsitan
536 2181 616 2256 haec
633 2180 786 2256 domino
805 2180 981 2256 Busiride
993 2183 1080 2279 jure
1097 2183 1263 2271 timeres,

302 2333 308 2342 =
395 2297 475 2371 Aut
490 2297 602 2372 solito
619 2298 769 2372 clausos
786 2323 895 2374 urere
911 2299 951 2374 in
969 2322 1043 2374 aere
1060 2298 1170 2372 viros.

348 2411 491 2490 Desine
508 2414 639 2490 mitem
656 2414 822 2489 animum
839 2437 935 2488 vano
952 2413 1131 2490 infamare
1148 2413 1304 2489 timore:

398 2529 508 2604 Saeva
524 2530 617 2629 quid
634 2532 673 2604 in
691 2529 851 2629 placidis
868 2553 964 2606 saxa
978 2529 1118 2605 vereris
1135 2529 1271 2628 aquis?

344 2643 436 2747 Ipse
450 2671 534 2745 ego,
546 2648 650 2745 qnod
659 2647 780 2747 primo
790 2647 925 2747 scripsi
935 2647 1017 2723 sine
1027 2646 1178 2724 nomine
1188 2645 1309 2734 vobis,
1338 2649 1385 2720 45

395 2762 471 2836 Vix
488 2761 661 2838 excusari
679 2787 792 2862 posse
809 2763 901 2839 mihi
917 2763 1057 2838 videor.

346 2877 424 2954 Sed
440 2903 556 2978 pavor
573 2879 742 2955 adtonito
760 2881 916 2956 rationis
934 2881 1128 2956 ademerat
1143 2905 1277 2972 usum;

393 2995 572 3072 Cesserat
588 3021 699 3073 omne
712 2998 818 3073 novis
835 2999 1110 3097 consiliumque
1128 2999 1251 3072 malis.

344 3109 624 3212 Fortunamque
641 3138 764 3190 meam
781 3125 966 3202 metuens,
987 3139 1061 3188 non
1079 3113 1238 3188 vindicis
1256 3115 1358 3201 iram,

393 3227 578 3305 Terrebat
591 3231 700 3306 titulo
719 3231 880 3306 nominis
898 3231 981 3331 ipse
998 3231 1085 3305 mei.
1338 3235 1383 3304 50

342 3507 414 3558 quum
431 3493 560 3545 edificant
574 3497 651 3548 edem
668 3499 762 3554 Rom.
776 3499 840 3548 ccle-
890 3499 940 3548 111.
955 3497 981 3548 ii.
998 3499 1040 3548 39.
1062 3505 1088 3546 et
1109 3495 1263 3546 Bordcrrirch
1283 3497 1339 3546 diss.
1354 3493 1382 3542 ds

341 3567 384 3618 but
401 3567 478 3635 ipsun
499 3570 593 3631 Deam
608 3571 643 3622 ric
661 3572 791 3622 cunum
809 3573 840 3622 de
889 3572 1017 3622 immolatis
1032 3573 1063 3621 nb
1075 3571 1182 3637 AEgypto
1196 3570 1307 3620 Busiride
1320 3584 1381 3635 perr·

342 3641 595 3695 hudesnlicdtaoz
888 3645 963 3711 prinis
973 3645 1080 3700 trinnis.
1090 3643 1116 3694 in
1126 3643 1160 3694 cl.
1170 3644 1272 3694 Martini
1280 3643 1383 3693 thesauro

375 3716 432 3766 Her
443 3719 494 3768 Du
501 3735 544 3782 pro
555 3721 650 3784 raptis,
660 3731 683 3770 rt
696 3729 749 3770 ture
761 3723 839 3770 eules-
888 3719 1018 3770 dinertttt.
1028 3727 1085 3768 om.
1095 3718 1131 3768 iii.
1140 3718 1228 3786 perti.
1238 3719 1383 3784 plilaqq.

405 3791 532 3850 ἐίὸωιήι,
888 3795 1002 3844 Hirrus.

348 3887 352 3894 ·
375 3867 407 3916 Tr
415 3867 524 3934 finitur,
534 3871 652 3933 penuque
667 3884 720 3918 aar
732 3869 772 3917 hoc
785 3885 838 3932 pce-
920 3869 962 3916 Ω.
981 3871 1030 3917 Ant
1047 3869 1112 3916 solito
1130 3883 1199 3915 nrm
1214 3867 1310 3922 chum,
1326 3864 1381 3926 irc]

406 3953 442 3992 tor
461 3946 529 3993 roda.
797 3965 802 3978 ·
888 3944 940 3992 Aut
960 3941 1055 3993 domino
1070 3940 1207 3998 Phalaride.
1225 3941 1267 4006 qni
1285 3941 1310 3989 in
1326 3953 1384 3988 erno

442 3961 454 3993 r

371 4016 414 4066 ³1.
433 4017 510 4072 Qun
528 4025 623 4080 purant
640 4017 696 4066 totto
706 4018 839 4082 fortissima
887 4025 955 4065 tauro
964 4015 1014 4081 igni
1025 4014 1121 4064 mudiro
1131 4013 1238 4064 nomm
1249 4015 1355 4064 necabat

337 4091 451 4155 prem]
469 4091 541 4152 Quod
555 4099 580 4142 et
596 4089 706 4142 Primus
721 4091 839 4157 deplorat,
919 4092 962 4140 ⁴9.
974 4091 1028 4140 Nos
1043 4093 1103 4138 έναι
1120 4090 1239 4154 much]
1255 4089 1310 4138 Non
1326 4087 1382 4136 iram

340 4161 411 4212 Iliad.
422 4169 453 4214 Ω.
888 4165 991 4230 Augusti
1011 4163 1156 4214 vindicantis
1181 4163 1292 4230 injuriam
1312 4179 1328 4212 a
1346 4175 1382 4210 mc

372 4237 460 4288 Μὴ
471 4247 570 4304 tyranno
580 4239 688 4290 Busiride
695 4239 840 4290 r.chrirt.
888 4247 1021 4306 osupum.
1058 4239 1168 4297 Vindicta,
1193 4241 1314 4302 principis,
1336 4235 1381 4284 Ge·
