2974 5100
333 371 400 438 Μ
629 367 668 432 Ρ.
694 363 857 432 OVIDII
882 361 1095 431 NASONIS

336 545 418 619 Sub
436 543 547 642 galea
564 550 694 640 pastor
706 539 852 638 junctis
869 540 954 638 pice
972 549 1103 613 cantat
1120 538 1271 628 avenis;
1336 545 1384 613 25

384 659 538 757 Proque
556 659 647 757 lupo
664 655 813 756 pavidae
831 656 932 731 bella
949 666 1127 730 verentur
1141 679 1244 730 oves.

335 775 411 850 Vix
428 797 502 872 ope
518 772 667 848 castelli
684 771 923 848 defendimur
937 799 946 862 ;
968 783 1008 846 et
1025 783 1152 846 tamen
1169 771 1271 844 intus

386 889 507 965 Mista
522 887 614 964 facit
632 888 758 962 Graiis
776 888 938 962 barbara
953 889 1066 962 turba
1082 898 1251 962 metum:

338 1005 491 1105 Quippe
510 1001 622 1078 simul
641 1005 751 1078 nobis
767 1003 914 1080 habitat
930 1003 1148 1079 discrimine
1165 1005 1273 1078 nullo

390 1121 594 1208 Barbarus,
614 1131 654 1195 et
670 1120 763 1196 tecti
782 1121 868 1219 plus
885 1143 1041 1219 quoque
1059 1131 1166 1219 parte
1184 1129 1305 1195 tenet.
1342 1123 1386 1192 30

333 1227 445 1322 Quos
463 1247 597 1311 utnon
617 1235 765 1323 timeas,
785 1236 910 1333 possis
926 1235 1053 1309 odisse
1070 1234 1235 1308 videndo
1468 1229 1469 1242 ’

388 1351 559 1428 Pellibus
578 1363 617 1426 et
634 1352 749 1449 longe
765 1361 937 1450 tempora
953 1361 1056 1425 tecta
1072 1374 1195 1425 coma.

338 1467 419 1543 Hos
438 1491 605 1567 quoque,
624 1467 692 1564 qui
710 1467 827 1564 geniti
843 1465 961 1540 Graia
973 1467 1183 1556 ¹creduntur
1200 1468 1251 1540 ab
1268 1467 1372 1553 urbe,

389 1582 466 1658 Pro
484 1581 608 1681 patrio
625 1583 733 1656 cultu
752 1581 910 1660 Persica
926 1584 1065 1656 bracca
1078 1583 1186 1679 tegit.

338 1697 531 1774 Exercent
548 1696 603 1771 illi
622 1696 735 1771 sociae
753 1697 982 1772 commercia
998 1697 1160 1794 linguae:
1342 1703 1386 1771 35

386 1812 462 1887 Per
480 1821 630 1910 gestum
648 1837 709 1886 res
727 1823 787 1886 est
804 1812 1054 1910 significanda
1070 1813 1176 1887 mihi.

338 1929 528 2004 Barbarus
546 1929 608 2002 hic
626 1954 698 2026 ego
713 1952 810 2016 sum,
830 1929 921 2028 quia
939 1953 1013 2003 non
1028 1929 1217 2026 intelligor
1235 1928 1326 2016 ulli;

388 2044 439 2118 Et
456 2045 579 2120 rident
595 2045 722 2119 stolidi
741 2048 857 2121 verba
875 2045 1011 2120 Latina
1029 2046 1163 2120 Getae:

338 2157 482 2257 Meque
499 2161 626 2259 palem
644 2162 693 2236 de
711 2185 772 2236 me
789 2171 872 2236 tuto
890 2161 990 2236 molo
1007 2184 1110 2259 saepe
1133 2161 1362 2257 loquuntur;

271 2317 279 2330 ·
386 2275 559 2354 Forsitan
576 2276 761 2375 objiciunt
777 2278 1032 2375 exsiliumque
1051 2275 1155 2350 mihi.
1341 2279 1387 2348 40

341 2391 474 2490 thue
492 2394 547 2482 fit,
562 2393 600 2467 in
620 2418 680 2470 me
699 2393 857 2493 aliquid,
871 2395 904 2468 si
922 2395 1016 2493 quid
1033 2391 1251 2467 dicentibus
1266 2391 1342 2465 illis

388 2507 598 2586 Abnuerim
616 2509 768 2607 quoties
788 2509 1075 2608 adnuerimque,
1094 2517 1244 2607 putant.

339 2624 463 2712 Adde,
482 2626 586 2725 quod
604 2625 787 2725 injustum
803 2627 923 2724 rigido
936 2628 1001 2724 jus
1019 2624 1159 2698 dicitur
1175 2647 1282 2710 ense,

392 2741 541 2816 Dantur
558 2753 597 2818 et
613 2741 652 2816 in
671 2743 798 2817 medio
813 2742 971 2816 vulnera
987 2764 1090 2839 saepe
1107 2739 1200 2813 foro.

338 3021 445 3086 amau]
464 3021 530 3080 Quid
542 3021 631 3072 auden
642 3021 737 3072 colercl
753 3023 843 3082 Scribe,
927 3025 969 3072 ³⁴.
982 3022 1030 3072 Pro
1043 3024 1120 3086 patrio
1137 3019 1230 3084 molto-J
1252 3021 1301 3070 Pro
1317 3019 1396 3070 babitu

340 3097 614 3160 nuquicolerecudcllt.
640 3097 730 3146 Herus.
893 3097 989 3155 Gracc,
1011 3095 1053 3162 qui
1073 3103 1112 3146 ert
1135 3094 1223 3144 cultior
1250 3105 1277 3144 et
1300 3094 1397 3145 civilior.

373 3169 415 3218 28.
428 3169 534 3218 Barbara
545 3170 635 3234 turm]
655 3170 733 3227 Geta,
743 3169 785 3236 qui
795 3185 845 3220 unu
894 3172 976 3221 Pour.

339 3257 395 3292 cunr
406 3244 498 3293 Grecis
506 3244 723 3294 Tomonlrobitcnt.
927 3247 968 3294 41.
992 3244 1045 3294 lloc
1066 3241 1186 3293 distichon
1207 3243 1397 3294 commentitium

373 3317 414 3364 ³1.
435 3316 496 3370 Quor
514 3327 603 3366 utnon
623 3317 721 3382 timeon]
742 3319 845 3373 Quorum
895 3325 937 3369 cut
955 3327 1021 3369 certe
1040 3319 1211 3383 perobscurum
1230 3326 1333 3368 censent
1349 3333 1398 3367 erre

341 3389 412 3454 prim.
430 3389 484 3438 Pal.
501 3389 573 3455 prim.
591 3391 674 3442 Vatic.
693 3401 718 3439 et
738 3391 844 3458 quinque
894 3391 1008 3442 Heinsius
1018 3397 1042 3442 et
1054 3393 1180 3458 Verpcort.
1213 3391 1267 3455 Ego
1279 3407 1398 3442 vernoun

341 3461 393 3519 olii,
406 3469 433 3510 ut
446 3469 509 3510 estet
526 3459 627 3521 dictum,
638 3465 757 3528 quomodo
775 3468 844 3514 abaci·
895 3467 1027 3516 numano.
1049 3479 1065 3512 n
1082 3480 1155 3514 manu
1172 3472 1252 3530 poeto
1270 3467 1400 3531 proiectum

340 3545 393 3584 neto
404 3538 502 3593 irarum,
512 3537 588 3586 duom
599 3539 744 3600 pensurum
754 3541 785 3588 cb
795 3541 845 3589 llo-
894 3555 946 3590 erse
955 3541 1063 3590 arbitror.
1086 3540 1175 3588 Forsan
1186 3538 1248 3588 nibil
1258 3540 1399 3588 mutandum

341 3608 411 3665 ratio,
421 3616 446 3657 et
456 3607 543 3658 similia
553 3611 641 3676 purim
652 3611 731 3662 obvia.
895 3613 992 3672 estred
1009 3613 1044 3662 ita
1059 3611 1274 3678 interpretandum.
1303 3613 1344 3663 Illi
1360 3613 1399 3661 bo·

375 3684 415 3732 ³2.
429 3682 533 3732 Pellibus
549 3693 571 3732 ot
590 3685 659 3752 longo
674 3703 768 3750 corporo
786 3696 845 3736 tecta
895 3689 980 3747 mines,
992 3695 1019 3737 ut
1037 3686 1117 3736 stolidi
1135 3686 1311 3752 inhumanique
1327 3687 1400 3736 lucere

342 3757 427 3821 come]
458 3756 556 3808 Pectora
576 3759 675 3825 quidem
693 3769 798 3810 netues:
821 3771 846 3811 nt
896 3762 982 3820 solent,
993 3761 1087 3827 quoties
1105 3760 1243 3810 dicentibus
1257 3761 1308 3812 illic
1324 3761 1400 3828 cupite

343 3847 405 3882 unus
416 3831 572 3884 Bononiensis
581 3849 637 3884 eum
648 3834 731 3900 priscis
738 3835 848 3885 editioni-
898 3845 962 3885 moto
979 3845 1022 3885 aut
1037 3833 1172 3900 negaverim
1188 3843 1231 3886 tut
1246 3833 1400 3890 muln,

341 3907 395 3965 bur,
413 3917 528 3970 tempora‚¹
545 3909 610 3974 quod
628 3917 717 3960 temere
736 3909 849 3959 Ciolonur
899 3910 1012 3960 odram
1023 3925 1061 3958 rne
1072 3907 1174 3974 aliquid,
1184 3924 1274 3975 nempe
1290 3910 1356 3960 malr
1370 3909 1403 3958 lo·

343 3979 484 4042 damnorum
501 3997 556 4031 num
567 3993 663 4033 romalor
673 3983 762 4050 passim
771 3985 848 4034 Getes
899 3984 949 4050 qui,
967 3993 1053 4050 putent
1069 3983 1125 4032 lue.
1142 3983 1259 4047 cogitant,
1275 3984 1337 4049 (nisi
1353 3986 1403 4033 loco

343 4054 465 4112 describit,
486 4063 511 4106 et
531 4055 636 4122 pellibus
651 4051 746 4124 ‘operire
767 4056 847 4122 cupite
894 4067 980 4118 puram
992 4059 1072 4123 legere
1080 4055 1149 4104 mulir
1158 4057 1269 4120 parom)
1279 4067 1322 4108 unt
1333 4058 1358 4108 in
1368 4071 1403 4107 mc

342 4128 472 4178 etiamnum
490 4129 567 4178 solent
586 4146 630 4196 per
647 4130 847 4198 septemtrionem.
897 4130 1003 4196 nliquid¹
1014 4130 1045 4180 de
1061 4145 1109 4196 quo
1125 4129 1188 4180 mle
1205 4129 1348 4196 loquentur,
1362 4131 1401 4181 ob·

344 4201 437 4256 Herus.
896 4213 1001 4254 servant.
1031 4205 1145 4254 Honore.
