3030 5108
299 357 548 424 TRISTIUM
572 359 663 426 ΗΒ.
684 363 712 428 Ι.
737 363 874 432 ELEG.
898 365 979 433 Vll.
1104 373 1170 438 lor

91 527 260 604 Femina
279 546 357 606 seu
383 529 576 631 princeps,
595 557 726 610 omnes
743 537 812 612 tibi
829 537 933 615 cult'a
948 567 1017 640 per
1034 569 1166 634 anone,

137 643 197 719 Te
216 645 348 720 docet
365 648 587 744 exemplum
605 651 777 748 conjugis
795 678 880 728 esse
897 657 1032 749 honoe3
1117 666 1166 735 26

89 755 421 857 Adsimilemque
439 761 496 834 sui
514 763 627 860 longa
644 763 897 846 adsuetudine
910 770 1000 847 fecit
1010 800 1020 864 ;

140 873 332 949 Grandia
350 875 386 948 si
405 876 529 974 parvis
549 877 763 956 adsimilare
781 881 882 960 licet.

91 986 181 1062 Heu
201 991 319 1078 mihi,
342 1015 425 1064 non
442 1015 597 1089 magnas
616 997 720 1095 quod
738 998 880 1074 habent
898 1026 983 1078 mea
999 1007 1166 1082 carmina

142 1104 385 1204 Nostraque
403 1116 492 1180 sunt
508 1109 650 1183 meritis
668 1135 734 1186 ora
750 1114 896 1189 minora
912 1117 1008 1194 tuis!
1036 1121 1163 1216 [vires

94 1219 134 1291 Si
152 1223 253 1318 quid
275 1233 319 1296 et
339 1223 384 1295 in
402 1223 509 1296 nobis
527 1225 599 1298 vivi
618 1225 690 1301 fuit
707 1238 795 1303 ante
813 1231 962 1326 vigoris,
1114 1243 1159 1312 31

144 1334 412 1410 Exstinctnm
430 1337 551 1434 longis
569 1341 710 1416 occidit
727 1367 839 1418 omne
857 1348 965 1420 malis
977 1363 995 1421 ε’

97 1448 231 1524 Prima
249 1453 392 1525 locum
411 1463 563 1525 sanctas
579 1454 753 1531 heroidas
771 1458 869 1532 inter
884 1461 1068 1553 haberes3

144 1563 283 1641 Prima
301 1567 422 1641 bonis
440 1568 553 1642 animi
571 1573 832 1670 conspicerere
851 1578 917 1651 t'ui.

97 1681 474 1780 Quantumcumque
487 1694 614 1760 tamen
628 1691 820 1785 praeconia'
829 1703 959 1768 nostra
971 1697 1161 1786 valebunt,

146 1799 410 1875 Carminibus
428 1800 529 1876 vives
547 1813 698 1902 tempus
718 1807 757 1880 in
774 1831 885 1883 omne
902 1812 1009 1900 meis.
1112 1819 1161 1892 36

451 2127 696 2204 ELEGIA
734 2135 826 2211 v11.

101 2256 144 2330 Sr
165 2259 254 2356 quis
273 2258 403 2332 habes
422 2259 538 2334 nostri
557 2261 698 2338 similes
719 2269 757 2340 in
775 2267 938 2382 imagine
955 2275 1094 2366 vultus

148 2372 276 2448 Deme
296 2373 399 2447 meis
416 2375 587 2464 hederas,
608 2378 798 2460 Bacchica
815 2399 927 2476 serta,
945 2393 1076 2468 comis.

101 2484 179 2562 Ista
197 2491 349 2564 decent'
365 2488 471 2564 laetos
489 2490 612 2567 felicia
629 2497 738 2594 signa
753 2513 908 2599 poetas:

147 2602 413 2702 Temporibus
431 2629 504 2680 non
522 2619 582 2682 est
600 2623 689 2710 apta
705 2639 844 2692 corona
860 2622 968 2722 meis.

100 2771 121 2810 te
131 2762 176 2814 hoc
186 2765 291 2826 docuit;
309 2781 355 2815 seu
369 2765 444 2814 Liria
453 2769 563 2836 exemplo
574 2769 611 2819 di·
659 2775 749 2839 primur
763 2785 843 2828 tamen
861 2780 981 2840 Politiani,
991 2781 1080 2848 primus
1090 2785 1159 2838 Vati·

101 2835 186 2886 dicisti.
202 2839 330 2888 ·anrr.
659 2865 734 2902 caum
744 2859 769 2901 et
778 2869 820 2904 sex
833 2853 874 2903 clii
889 2859 980 2915 occidit,
991 2857 1055 2922 quod
1066 2875 1159 2928 sequor.

131 2911 170 2958 24.
191 2911 292 2974 Mem]
316 2911 476 2964 sanctissima
493 2914 611 2966 instituti·
659 2923 749 2975 Herse.

104 2983 158 3032 Cn
179 3001 241 3034 noca
263 2988 327 3035 luce.
373 2985 435 3036 Cnm
456 2988 494 3039 die
516 2989 608 3051 mtali5

103 3073 172 3121 quum
184 3059 332 3109 ducereris·
402 3073 404 3082 ⁴
602 3114 613 3122 ,
694 3073 715 3119 l.
734 3072 824 3123 Nostris
838 3077 941 3142 simila]
961 3077 1041 3127 Nostri
1053 3083 1094 3130 sex
1107 3099 1157 3134 me·

130 3134 170 3182 25.
193 3133 293 3182 Femina
307 3149 349 3182 tert
361 3135 487 3201 princepe]
506 3139 554 3187 Seu
570 3137 610 3187 Li-
659 3144 737 3203 liores,
751 3157 776 3196 et
788 3163 842 3198 mox
859 3148 1019 3201 Bacchium
1035 3170 1077 3220 pro
1095 3155 1155 3206 Bac·

102 3206 168 3264 riam,
189 3222 264 3272 quam
286 3207 410 3272 precipua
439 3208 486 3258 fide
506 3210 609 3267 coluisti,
658 3219 731 3269 elica.
748 3221 838 3271 liuns.
865 3223 1012 3290 lanugine.
1040 3227 1157 3296 ineffigie

102 3278 234 3330 mammea
251 3280 432 3329 Amerbachius
444 3283 474 3332 ad
485 3285 609 3342 Martiam,
658 3308 758 3356 gemma
775 3293 909 3360 imculpta;
926 3298 981 3347 vide
1001 3299 1064 3350 Plin.
1082 3301 1098 3350 i.
1116 3305 1156 3355 ³7.

102 3351 181 3402 Martii
192 3353 304 3419 Philippi
318 3351 397 3401 vitrici
408 3353 609 3420 Augustililiam,
659 3365 695 3416 Ex
709 3366 798 3416 hedera
813 3367 877 3416 enirn
890 3379 967 3436 poeta
983 3371 1044 3438 elegi
1060 3390 1157 3427 corona.

103 3427 223 3476 contendit
233 3425 399 3475 referendum·
577 3457 579 3465 ⁴
658 3438 753 3499 bantur,
763 3440 827 3489 sicut
837 3457 866 3494 ex
876 3459 966 3508 quercu
975 3445 1073 3496 heroici.
1098 3449 1156 3501 Pro·

130 3501 168 3550 w.
181 3501 272 3549 Nostro
282 3500 347 3562 orm]
360 3499 447 3551 Nostra
456 3505 537 3553 rerba.
553 3505 607 3554 Ali·
657 3514 755 3578 portius.
1085 3555 1094 3568 .

102 3587 168 3637 quem
175 3575 252 3640 pleno
263 3589 307 3622 ⁰¹0
319 3573 427 3632 laudm.
439 3578 516 3626 verbis
527 3580 608 3628 mulli!
658 3589 748 3638 Ennius
754 3591 842 3638 hirsuto
853 3595 932 3658 cingat
942 3609 983 3641 tua
991 3596 1053 3643 dicta
1064 3615 1155 3658 corono,

102 3659 274 3722 etgraudibus.
294 3657 376 3705 Porrr.
399 3659 544 3710 Nostrum.
561 3661 607 3710 Pro
690 3663 796 3732 Mifolia
810 3681 836 3713 er
849 3665 932 3714 hedera
945 3671 1045 3732 porrige,
1058 3670 1156 3732 Bocche,

103 3745 204 3781 sermone
219 3741 246 3781 ct
264 3730 375 3790 fabulis,
391 3731 487 3782 Phaedr.
506 3735 532 3783 iu
547 3736 607 3800 prol.
753 3747 803 3786 tun.

102 3800 140 3850 lib.
149 3804 167 3854 i.
202 3805 300 3867 Duplex
309 3803 408 3868 sabellis
422 3817 495 3856 orat.
528 3808 608 3857 Etiam
657 3811 696 3880 lle
715 3811 804 3861 hedera
823 3811 895 3876 legito
917 3813 979 3862 Plio.
1000 3815 1042 3864 lib.
1060 3807 1109 3864 rvi.
1131 3829 1156 3868 et

102 3877 253 3940 proliducia:
272 3880 362 3926 tirolis
373 3881 500 3929 erithales.
656 3885 853 3952 Theophrastum,
865 3888 906 3936 lib.
917 3887 951 3936 iii.

131 3951 169 4001 32
187 3953 341 4002 Emiaclum
358 3955 431 4018 longit
445 3957 531 4003 excidit
544 3951 608 4006 omne
689 3960 712 4008 4.
732 3959 874 4020 Temporihm
885 3961 960 4024 meis]
978 3961 1036 4008 Meo
1046 3961 1155 4026 capiti,a

102 4027 184 4090 nulia]
201 4025 360 4090 Κακοφωνία
370 4034 406 4074 est
416 4031 559 4086 saniarium,
571 4047 608 4078 er·
655 4040 722 4098 parte
734 4039 808 4080 totum
820 4031 881 4083 rard
892 4033 1056 4104 cuverlloxipv.
1071 4033 1156 4086 Falsus

102 4100 167 4148 cuir:
184 4101 232 4148 etsi
244 4097 347 4147 minime
358 4097 438 4162 ignoro
447 4104 550 4150 excidere
561 4102 606 4152 hac
655 4105 738 4156 esthic
747 4105 851 4164 Merula,
862 4108 903 4172 qui
914 4105 960 4174 alio
969 4106 1038 4155 modo
1049 4108 1155 4172 exponit.

99 4161 271 4238 'significatione
297 4171 415 4222 imitatum
434 4191 486 4226 esse
508 4177 606 4236 Ovidio,
656 4181 726 4230 Cror.
828 4191 831 4197 “
