3006 5122
371 389 438 458 970
667 384 707 452 Ρ.
735 381 899 452 ovrnn
923 371 1138 452 NASONIS

370 562 442 640 Ille
458 583 529 638 nec
548 557 738 647 exsilium,
759 555 933 656 Scythici
951 581 1021 634 nee
1040 557 1150 632 litora
1167 559 1286 658 ponti,
1371 561 1416 634 45

422 679 495 756 Ille
511 701 582 754 nec
600 677 716 752 iratos
733 675 852 750 sentit
868 675 1010 750 habere
1030 674 1147 750 Deos
1470 659 1471 690 ¹

373 795 505 894 thue
522 791 738 894 soporiferae
755 793 927 868 biberem
945 792 977 866 si
995 793 1135 892 poculo
1153 789 1305 880 lethes,

280 978 284 988 .
425 909 624 1010 Temporis
642 909 790 986 adversi
809 909 864 983 sic
886 908 977 984 mihi
995 931 1130 984 sensus
1147 908 1277 982 hebet.

372 1027 466 1104 Jure
485 1027 589 1104 Deas
606 1027 721 1124 igitur
737 1049 896 1102 veneror
912 1025 1013 1102 mala
1030 1036 1162 1100 nostra
1177 1025 1360 1110 levantes,

424 1144 606 1221 Sollicitae
624 1145 785 1220 comites
802 1169 852 1220 ex
867 1141 1055 1218 Helicone
1072 1140 1174 1238 fugae
1190 1170 1200 1232 ;
1379 1145 1422 1214 50

375 1261 427 1338 Et
442 1261 582 1362 partim
598 1262 747 1361 pelago,
766 1261 906 1361 partim
922 1260 1084 1358 vestigia
1099 1269 1213 1346 terra,
1473 1248 1474 1314 l

422 1379 493 1455 Vel
513 1389 595 1458 rate
611 1379 799 1476 dignatas,
818 1381 879 1454 vel
896 1379 1009 1480 pede,
1028 1388 1160 1454 nostra
1176 1376 1301 1474 sequi.

374 1495 461 1580 Sint
477 1517 611 1596 precor
627 1496 687 1571 lue
705 1495 842 1571 saltem
855 1494 986 1572 faciles
1001 1493 1115 1570 mibi:
1144 1517 1313 1590 namque
1328 1490 1421 1565 Deo
1474 1510 1475 1566 l

427 1611 580 1687 Caetera
595 1635 684 1686 cum
700 1635 838 1710 magno
858 1611 1013 1687 Cessare
1031 1611 1144 1685 turba
1156 1609 1269 1684 facit:
1331 1610 1423 1705 [rum

376 1727 521 1826 Meque
536 1737 594 1802 tot
607 1727 775 1802 adversis
789 1728 998 1816 cumulant,
1009 1737 1105 1824 quot
1115 1727 1206 1801 litus
1218 1749 1365 1811 arenas,
1382 1727 1424 1797 55
1475 1772 1476 1802 l

427 1841 609 1939 Quotque
625 1840 766 1917 fretum
781 1843 921 1942 pisces,
941 1865 1088 1940 ovaque
1106 1841 1224 1941 piscis
1241 1841 1371 1916 habet.
1475 1839 1476 1854 ¹

375 1959 474 2036 Vere
493 1957 598 2058 prius
616 1958 742 2047 flores,
762 1970 858 2036 aestu
876 1958 1094 2051 numerabis
1113 1960 1262 2045 aristas,

423 2074 546 2150 Poma
562 2099 630 2176 per
647 2087 883 2164 autumnum,
902 2076 1184 2176 frigoribusque
1202 2075 1334 2166 nives;

379 2191 503 2278 Quam
521 2193 634 2280 mala,
653 2217 740 2292 quae
759 2205 840 2270 toto
857 2194 980 2294 patior
992 2193 1161 2293 jactatus
1179 2193 1220 2267 in
1237 2193 1342 2279 orbe,

427 2308 529 2383 Dum
547 2309 661 2384 miser
679 2307 821 2383 Euxini
840 2311 951 2386 litore
968 2311 1063 2386 laeva
1075 2320 1179 2410 peto.
1382 2311 1425 2380 60
1477 2296 1478 2344 l

376 2423 460 2502 Nec
478 2435 619 2512 tamen,
635 2435 678 2500 ut
694 2425 794 2512 veni,
812 2426 929 2501 levior
946 2424 1098 2500 fortuna
1114 2426 1298 2500 malorum
1319 2435 1397 2500 est:

425 2539 514 2616 Huc
533 2565 687 2644 quoque
703 2551 795 2616 sunt
813 2551 960 2618 nostras
978 2541 1056 2618 fata
1073 2553 1208 2621 secuta
1224 2541 1328 2616 vias:
1478 2558 1479 2646 l

378 2657 453 2736 Hic
471 2683 639 2758 quoque,
656 2681 848 2756 cognosco
866 2659 1003 2734 natalis
1022 2658 1185 2733 stamina
1202 2657 1336 2746 nostri,

429 2775 603 2852 Stamina
620 2775 669 2850 de
687 2774 796 2874 nigro
812 2773 952 2854 vellere
962 2775 1071 2851 lacta
1088 2774 1194 2850 mibi.

377 2891 507 2992 thue
522 2917 592 2968 nec
607 2892 777 2982 insidias,
789 2893 1005 2994 capitisque
1019 2892 1189 2994 pericula
1203 2915 1367 2980 narrem,
1385 2891 1426 2964 65

426 3009 528 3086 Vera
546 3009 715 3109 quidem,
734 3033 823 3086 vera
840 3011 910 3088 sed
928 3013 1104 3111 graviora·
1115 3009 1214 3100 fide3

376 3279 539 3340 convolutas,
555 3283 685 3342 mpsim
712 3280 788 3329 muas
808 3289 879 3332 vocnt
964 3281 988 3332 lt
997 3297 1090 3347 proque,
1101 3297 1145 3346 quo
1158 3280 1321 3347 laeonrfurrot
1331 3281 1371 3330 ub
1378 3291 1427 3341 pn·

376 3353 462 3420 virgil
472 3353 518 3419 ipsi
526 3355 650 3419 thyrsigeri
660 3353 727 3402 dicti.
761 3355 841 3404 Pour-
995 3359 1043 3406 side
1054 3356 1161 3414 Pontou

408 3430 449 3476 ⁴4.
467 3429 543 3476 Altior
554 3429 653 3476 bonoso
663 3429 810 3490 spiritallis
821 3431 881 3478 molo
930 3447 984 3496 qun
995 3439 1020 3480 et
1030 3429 1064 3478 rbi
1072 3445 1130 3480 vera
1140 3426 1224 3478 lectio:
1243 3427 1364 3474 dolum
1377 3423 1428 3471 Por·

376 3501 790 3567 nt.]1nlaeid.erat,illetoeoesr.
815 3503 880 3553 Vide
932 3515 981 3554 orm
1002 3503 1059 3553 nlibi
1079 3517 1128 3552 non
1144 3515 1193 3552 uno
1211 3501 1265 3549 loco
1283 3499 1395 3566 adpellst.
1409 3499 1430 3541 ⁶²

377 3591 407 3628 sn
418 3577 466 3625 huc
478 3575 552 3626 faeiat
561 3575 621 3625 illud
633 3575 746 3634 Petronii,
758 3591 780 3626 c.
791 3592 834 3626 xo:
931 3579 1019 3646 panim
1030 3578 1063 3627 nd
1074 3575 1100 3627 ld
1108 3591 1198 3627 nornen
1208 3573 1306 3624 alludit.
1341 3574 1420 3622 liano·

409 3651 496 3713 Sepias
503 3653 588 3714 poetice
601 3667 669 3715 mur
683 3651 782 3700 bomne
793 3653 883 3702 lorum
964 3655 1005 3704 ol.
1026 3653 1059 3703 Ut
1076 3652 1149 3716 uni]
1169 3651 1334 3715 remquam
1348 3649 1371 3696 in
1379 3647 1428 3706 Sey·

443 3741 478 3782 a,
758 3725 849 3776 Bou.
933 3727 1008 3778 tiliam
1036 3725 1143 3794 pertenl.
1179 3725 1228 3774 Noc
1255 3733 1334 3773 tmen
1362 3721 1429 3771 letior·

407 3801 451 3851 ω.
469 3801 534 3849 Dan
549 3803 617 3850 mim
634 3800 722 3850 Ειιιὶιιί
739 3803 808 3852 litora
825 3819 883 3852 roco
933 3803 986 3852 Noc
998 3809 1078 3851 tamen
1088 3800 1114 3849 in
1124 3797 1252 3866 presentia,
1261 3796 1357 3854 minori,
1367 3805 1427 3860 qum

374 3875 447 3941 prm]
471 3873 540 3924 Inoa
557 3874 620 3924 bene
642 3875 820 3938 Medociannr;
837 3873 882 3926 nisi
933 3883 1015 3934 anus,
1025 3891 1064 3926 me
1074 3873 1157 3924 adficit
1169 3889 1257 3941 pinna:
1278 3870 1348 3938 quui
1358 3869 1427 3918 diat:

377 3949 441 4017 qnod
453 3951 521 3998 litora
534 3950 590 3998 laeoo
600 3947 688 3999 metius
699 3951 816 4000 scribetur
826 3965 882 4000 cnm
932 3949 1079 3998 credideram
1106 3961 1145 3998 me
1172 3956 1268 3996 unturn
1299 3943 1429 3994 doliturum,

377 4025 534 4086 Buslidisn03
549 4023 647 4074 Tristi.
658 4023 726 4092 Elcg.
737 4025 765 4074 ii.
777 4025 825 4075 8³:
931 4023 996 4088 qnod
1013 4021 1090 4091 patris
1107 4037 1230 4072 omrem:
1247 4020 1291 4070 red
1309 4013 1428 4068 sliactiffl

386 4127 390 4134 ·
410 4101 505 4168 obligor
520 4109 548 4149 st
565 4107 659 4165 tommo
677 4101 727 4150 leci
737 4099 797 4168 sm
813 4101 882 4149 litora
930 4099 996 4148 mals
1012 4114 1059 4148 non
1076 4096 1174 4154 leviora,
1192 4111 1247 4162 qun
1265 4094 1350 4146 stetin
1369 4095 1428 4159 poti*

445 4175 515 4224 Ponti
521 4193 531 4235 ,-
931 4171 1062 4240 subjungit
1074 4185 1113 4221 me
1123 4177 1226 4235 angunt.

376 4249 447 4300 I’nt.
457 4249 500 4300 lib.
511 4249 544 4299 ir.
555 4247 639 4302 mix.
652 4249 715 4298 119:
1097 4269 1101 4278 ·
