2972 5110
333 347 398 416 tes
623 346 664 412 Ρ.
688 343 849 414 ovum
873 345 1087 416 NASONIS

338 521 422 597 Nec
433 531 560 598 tamen
576 519 768 619 ingenium
780 519 890 598 nobis
905 522 1122 620 respondet,
1137 531 1180 596 nt
1190 533 1298 600 ante:
1337 527 1379 598 l5

388 637 465 713 Sed
483 637 626 712 siccum
644 636 760 712 sterili
778 659 928 712 vomere
946 637 1036 712 litus
1053 662 1131 712 aro.

337 753 493 830 Scilicet
508 763 552 828 ut
567 753 680 830 limus
697 777 814 831 venas
832 763 1002 828 excaecat
1019 755 1057 828 in
1074 753 1199 842 undis,

388 869 571 969 Laesaque
589 871 661 944 sub
679 895 809 970 presso
827 869 930 946 sonte
948 871 1092 946 resistit
1108 894 1232 970 aqua;

336 985 499 1062 Pectora
513 985 568 1060 sic
586 1009 671 1063 mea
688 996 778 1060 sunt
794 985 884 1060 limo
901 985 1034 1062 vitiata
1050 986 1249 1074 malorum,

387 1103 439 1178 Et
455 1127 607 1178 carmen
625 1127 721 1178 vena
737 1103 961 1203 pauperiore
977 1103 1072 1176 fluit.
1337 1107 1382 1173 20

338 1217 379 1292 Si
398 1219 484 1317 quis
502 1221 538 1294 in
557 1219 628 1295 hac
647 1220 772 1320 ipsum
790 1230 891 1295 terra
907 1219 1098 1318 posuisset
1115 1216 1338 1306 Homerum,

388 1333 513 1423 Esset,
532 1337 645 1422 crede
662 1337 768 1426 mihi,
786 1336 909 1412 factus
928 1347 968 1411 et
985 1336 1048 1410 ille
1064 1335 1197 1411 Getes.

339 1449 400 1528 Da
415 1452 562 1528 veniam
579 1451 699 1542 fasso;
720 1453 857 1530 studiis
874 1475 1030 1550 quoque
1046 1450 1155 1531 frena
1172 1449 1323 1540 remisi;

389 1565 550 1643 Ducitur
566 1580 606 1645 et
622 1570 751 1668 digitis
769 1571 879 1648 litera
895 1593 979 1644 rara
994 1568 1102 1644 meis.

338 1681 510 1784 Impetus
528 1685 591 1762 illc
609 1710 727 1776 sacer,
747 1687 813 1786 qui
830 1695 959 1762 ratum
977 1697 1134 1784 pectora
1150 1684 1282 1772 nunit,
1334 1689 1382 1758 25

388 1799 463 1885 Qui
480 1802 584 1900 prius
602 1803 641 1876 in
657 1803 766 1878 nobis
784 1827 869 1880 esse
887 1803 1047 1890 solebat,
1065 1802 1189 1876 abest.

338 1915 413 1990 Vix
429 1917 533 1991 venit
549 1919 597 1992 ad
615 1931 755 2018 partes,
773 1919 838 1994 vix
856 1931 990 1994 sumtae
1009 1917 1124 1993 Musa
1140 1919 1292 1992 tabellae

388 2029 556 2131 imponit
573 2033 699 2133 pigras
717 2060 824 2135 pmne
842 2047 976 2112 coacta
988 2059 1136 2110 manus.

338 2143 548 2245 Parvaque,
567 2173 616 2224 ne
633 2149 758 2226 dicam
776 2151 965 2228 scribendi
984 2151 1088 2226 nulla
1099 2151 1276 2250 voluptas

388 2260 459 2338 Est
475 2263 588 2356 mihi;
608 2289 678 2341 nec
696 2268 861 2344 numeris
878 2281 1032 2344 nectere
1049 2267 1166 2342 rerba
1177 2268 1302 2366 juvat.
1331 2271 1380 2340 30

339 2377 426 2454 Sive
445 2379 549 2478 quod
566 2379 653 2458 hinc
671 2380 816 2460 fructus
834 2384 931 2460 adeo
948 2407 1024 2458 non
1041 2381 1214 2482 cepimus
1231 2384 1342 2472 ullos,

389 2493 623 2597 Principium
640 2499 757 2574 nostri
775 2523 835 2576 res
852 2501 903 2575 sit
920 2511 963 2575 ut
980 2500 1053 2576 ista
1068 2500 1180 2576 mali:

340 2609 428 2688 Sive
445 2615 549 2712 quod
567 2614 604 2690 in
622 2617 788 2694 tenebris
806 2643 1026 2694 numerosos
1042 2641 1184 2717 ponere
1200 2641 1366 2714 gressus,

388 2727 578 2834 Quodque
595 2731 700 2828 legas
717 2735 822 2824 nulli,
833 2734 999 2810 scribere
1014 2755 1180 2822 cumen,
1192 2732 1295 2808 idem
1312 2741 1380 2808 est.

373 2923 411 2974 16.
419 2923 511 2976 diem
518 2925 596 2991 litu]
605 2927 733 2978 Materiam
740 2936 837 2980 etcam·
886 2927 1007 2980 intermisi
1016 2927 1090 2980 etiarn
1100 2927 1205 2988 studim
1216 2927 1349 2980 literarum.

338 3011 395 3062 pam
411 2996 463 3048 sine
480 2997 587 3050 humore.
619 3001 736 3066 intelligit
754 3011 837 3054 sotera
918 3003 960 3052 2⁷.
974 3003 1016 3051 Vis
1029 3007 1093 3053 ssatt
1109 3006 1140 3052 sd
1153 3003 1253 3066 portu]
1273 3003 1328 3052 Eoo
1342 3009 1384 3058 δί.

337 3071 696 3138 persimilitndinsmscribsndi
712 3077 836 3131 materiam
886 3076 926 3128 via
941 3075 1173 3128 adofficinmsoam
1187 3075 1264 3128 radit:
1283 3074 1383 3128 officiunt

338 3155 446 3200 manain
465 3165 492 3199 se
516 3149 652 3216 sumpsim
672 3151 735 3205 sade
755 3153 837 3206 nallrss
886 3159 967 3202 antem
977 3152 1056 3202 Mssa
1066 3159 1201 3217 esapoata
1211 3148 1383 3202 inmeann'ad·

338 3221 412 3286 pouit
426 3224 516 3273 fruetus
530 3232 556 3274 et
571 3223 644 3275 honor
661 3241 779 3284 emanans.
793 3241 835 3278 ne·
885 3242 945 3278 esse·
974 3223 1382 3293 vovixreuisiopmeulaboris

339 3309 387 3362 qne
397 3296 472 3362 gloria
484 3296 567 3364 almas
576 3300 707 3366 provenire.
885 3299 1061 3366 tergiversatur.

373 3369 413 3419 17.
425 3369 517 3421 settim
531 3381 558 3420 us
569 3373 657 3438 uam]
673 3373 833 3434 Quemadmo-
917 3375 959 3422 ³2.
970 3373 1092 3438 Rotas-J
1110 3371 1332 3423 Poetnaeum

339 3439 397 3490 dnm
414 3441 486 3493 limus
505 3459 552 3494 non
570 3445 687 3512 permittit
710 3463 785 3516 aquas
804 3463 834 3498 aa
917 3447 960 3497 83.
973 3446 1382 3514 neomeniarumque*

338 3515 405 3568 renis
418 3532 568 3582 pmnrrsrs:
585 3519 620 3572 sic
632 3521 835 3574 malaoccludunt
883 3537 921 3572 ssu
937 3521 1046 3572 nonnulli
1061 3537 1091 3572 ex
1108 3519 1222 3588 antiquis,
1235 3521 1303 3588 quod
1316 3521 1381 3574 lien·

338 3597 364 3641 et
383 3601 529 3644 remormm
554 3594 646 3660 copiam
670 3595 790 3654 uminis,
810 3606 836 3646 et
884 3610 972 3644 manno
989 3594 1127 3646 adridebat:
1146 3593 1242 3646 murra
1268 3594 1383 3662 Intelligit

338 3679 424 3716 renam
442 3665 541 3732 postica
559 3667 697 3734 mejestatis.
731 3671 835 3722 Eme
884 3667 1093 3736 gesticulationem
1113 3685 1228 3720 manuum
1249 3685 1305 3738 qua
1326 3669 1381 3720 isrer

339 3756 415 3790 mss.
432 3739 626 3793 Vcnssobturst.
884 3741 1020 3796 adrandum
1031 3741 1115 3794 fiebat.
1131 3743 1381 3812 Versuproximo,pm

371 3816 413 3866 21.
423 3813 453 3866 la
468 3817 510 3868 bac
523 3815 606 3880 tarra]
621 3815 651 3868 ln
660 3815 787 3868 Tomitana
800 3817 834 3868 ci·
885 3828 954 3893 bgu,
974 3827 1066 3893 θοῶς,
1085 3829 1179 3894 ugone,-
1196 3835 1222 3878 st
1238 3826 1275 3880 sic
1292 3827 1381 3880 Amd.

339 3891 422 3950 ritate,
433 3891 494 3942 inter
504 3892 624 3944 tutuo.
884 3899 927 3952 sad
940 3901 1008 3954 nalla
1019 3918 1079 3968 opus
1094 3902 1242 3963 mutatiom
1259 3904 1335 3970 lenm
1343 3917 1382 3970 pru

372 3967 413 4015 ²2.
431 3966 494 4016 Esset
507 3967 590 4033 sectata
608 3966 696 4031 Gala]
716 3967 836 4020 Redditus
884 3975 986 4026 ndens
1012 3973 1083 4026 dixit,
1114 3975 1206 4028 linars.
1251 3977 1381 4028 Nummos

340 4039 422 4092 tui-o
436 4041 542 4108 poeotes
555 4041 623 4110 quasi
637 4058 729 4108 upon,
741 4051 767 4092 st
780 4055 836 4096 suns
883 4066 980 4116 grosso.
997 4049 1075 4102 Pedes
1085 4049 1134 4100 suis
1145 4049 1250 4102 numus
1262 4061 1288 4102 ea
1301 4051 1380 4120 grem·

340 4115 419 4172 Geta,
428 4132 528 4182 quorum
539 4126 612 4168 terras
622 4133 668 4182 ego
679 4117 764 4168 incolo.
883 4124 928 4174 bus
939 4127 1054 4176 astrictos.
1082 4125 1178 4176 rme.
1194 4125 1328 4180 &abeno
1337 4126 1380 4176 ool·

372 4189 413 4236 2³.
434 4191 521 4242 Studiis
541 4209 626 4256 propos
640 4192 715 4256 frasso
736 4194 832 4257 renisi]
883 4197 969 4250 locare,
1009 4201 1117 4250 Prmm
1139 4201 1295 4252 Burmannus
1311 4199 1379 4264 conji-
