2982 5118
247 387 321 454 EX
343 384 505 454 ΡΟΝΤΟ
530 387 620 453 LIB.
645 387 708 454 1v.
732 387 878 456 EPIST.
901 389 985 457 XV.
1070 393 1138 460 529

91 558 212 644 Quam
230 571 312 648 tua,
331 585 394 635 rus
410 561 529 636 oculis
544 561 699 649 domini,
716 561 937 662 Campania,
957 571 1118 662 gratum,

138 676 314 775 Quaeque
332 677 463 752 relicta
479 677 561 767 tibi,
583 679 714 766 Sexte,
733 681 792 754 vel
809 693 912 756 emta
929 693 1047 774 tenes,

91 791 181 868 Tam
200 802 290 867 tuus
309 817 357 868 en
374 817 445 890 ego
462 819 567 881 sum3
596 797 704 892 cujus
722 806 761 871 to
778 821 932 873 munere
950 799 1048 874 tristi

137 909 225 983 Non
243 919 356 1009 potes
374 911 412 984 in
435 910 559 985 Ponto
577 911 702 986 dicere
720 913 860 990 habere
878 915 983 989 nihil.
1086 922 1136 990 20

87 1025 215 1124 Atque
232 1027 377 1102 utinum
395 1027 530 1126 possis,
549 1039 589 1104 et
604 1028 715 1104 detur
732 1029 889 1104 amicius
906 1055 1035 1106 arvum
1049 1034 1057 1105 l

138 1141 316 1241 Remque
333 1153 436 1216 tuam
453 1167 572 1241 ponas
590 1145 630 1218 in
648 1144 801 1218 meliore
819 1146 922 1219 loco!

87 1257 196 1342 Quod
214 1258 394 1358 quoniam
412 1259 450 1332 in
468 1259 538 1332 Dis
555 1271 626 1346 est,
645 1269 750 1334 tenta
767 1261 883 1336 lenire
900 1263 1091 1360 precando

140 1375 320 1463 Numina,
339 1387 523 1474 perpetua
538 1399 624 1474 quae
640 1375 780 1475 pietate
798 1377 903 1452 colis.

86 1491 231 1566 Erroris
249 1515 338 1566 nam
354 1503 409 1579 tn,
426 1492 490 1567 vix
508 1503 567 1568 est
583 1493 807 1579 discernere,
828 1494 945 1568 nostri
1080 1502 1129 1570 25

137 1607 198 1682 Sis
216 1617 479 1704 argumentum
497 1610 632 1706 majuS,
651 1631 699 1682 an
717 1609 912 1684 auxilium.

88 1722 169 1799 Nec
186 1723 367 1799 dubitans
382 1747 468 1798 oro:
496 1723 564 1798 sed
582 1723 735 1798 flumine
753 1749 854 1824 saepe
872 1726 1040 1800 secundo

135 1844 309 1938 Augetur
325 1839 438 1915 remis
455 1863 587 1914 cursus
604 1838 728 1915 euntis
747 1863 868 1938 aquoe.

79 2097 154 2164 soro]
172 2101 298 2159 Quantum
312 2099 383 2150 etium
394 2099 477 2150 domun
486 2109 523 2150 eet
534 2110 584 2159 tun,
664 2103 705 2152 20.
723 2101 777 2152 Non
796 2102 877 2167 portu]
896 2101 952 2152 Nou
971 2109 1038 2172 potes
1054 2102 1132 2153 dicere

84 2189 154 2238 quun
164 2174 239 2225 huben
254 2174 406 2240 conjunctum
423 2174 471 2224 loro
482 2175 585 2242 Auguni
631 2185 656 2225 te
667 2176 726 2226 nihil
742 2177 861 2242 possidere
878 2177 903 2226 in
913 2177 1014 2228 Pontice
1029 2179 1132 2243 regione.

85 2247 195 2299 cnam.
632 2265 705 2316 quum
715 2250 807 2316 eliquid
819 2251 1028 2301 habeuhabendo
1038 2269 1084 2302 me.

117 2323 155 2373 17.
178 2324 255 2379 Quom
276 2332 328 2379 hro,
345 2339 386 2372 rue
403 2323 493 2388 oeulis-J
518 2324 584 2374 Ordo
664 2326 705 2373 21.
726 2325 758 2373 Ul
778 2329 847 2374 detur
864 2329 960 2374 amiciret
976 2326 1078 2390 ornum]
1099 2326 1131 2375 Ee

47 2433 49 2441 .
82 2407 130 2446 eet:
148 2401 227 2459 Quem
246 2413 290 2464 pro
308 2406 432 2462 quantum,
451 2398 584 2464 Campania
632 2399 827 2450 detur-meliores.
848 2399 938 2447 Hune.
955 2399 995 2448 An
1011 2415 1058 2449 non
1068 2416 1130 2466 pre·

85 2471 221 2538 adpositive,
237 2487 277 2520 rue
293 2479 386 2536 gratum
402 2471 478 2521 oculis
494 2472 583 2522 donnini
632 2472 787 2522 rumenam
799 2475 1017 2522 omonimorvuml
1034 2491 1088 2524 num
1099 2475 1130 2524 de

82 2555 177 2596 erttua.
207 2547 255 2596 Per
267 2546 416 2606 Campaniam
425 2553 504 2594 auteur
515 2545 583 2595 intel·
632 2546 737 2596 amicitie
764 2547 880 2598 Getarum
907 2547 1020 2611 gloriatur
1046 2548 1131 2614 Elegio

83 2619 176 2684 ligimus
201 2637 241 2670 rue
269 2617 366 2684 eliquod
393 2616 457 2685 quod
480 2618 584 2670 hebebet
631 2621 774 2688 precedenti
795 2631 819 2672 et
839 2621 912 2670 alibi:
940 2637 984 2670 neo
1008 2619 1130 2672 inimicum

84 2695 208 2760 Pompeius
224 2693 250 2742 in
267 2693 413 2759 Cemprnie:
432 2693 529 2744 fornae
547 2693 583 2742 in·
631 2697 702 2746 iniere
718 2705 794 2764 potuer
813 2695 925 2762 Pompeio
940 2711 1035 2746 arrum:
1054 2701 1132 2748 mium

83 2768 172 2820 tellexit
186 2785 229 2836 per
249 2769 403 2824 Trinacrium,
416 2783 464 2824 rur,
482 2776 524 2816 aut
541 2784 581 2834 op·
632 2788 716 2820 aruum
725 2781 773 2821 tren
783 2769 845 2819 libri.
879 2771 968 2818 Boou.

82 2843 163 2908 pidum
177 2841 277 2909 aliquod
290 2841 377 2891 Sicilie
391 2839 496 2908 ejusdem
511 2843 581 2892 Porn-
663 2847 703 2900 26.
727 2843 763 2894 Sir
786 2843 969 2910 argumentum]
997 2841 1131 2909 Ambiguue

82 2917 140 2984 prii:
167 2918 277 2968 similiter
298 2933 340 2984 per
359 2927 444 2966 terram
471 2916 581 2980 Philippi,
631 2919 670 2970 hic
680 2919 747 2969 locun
757 2927 801 2976 eol,
813 2935 887 2984 eoque
898 2915 1013 2966 difficilior
1023 2933 1128 2983 quoque.

81 3009 118 3043 rue
141 2992 167 3042 in
189 2991 344 3042 Macedonia.
386 2992 466 3041 Oculis
485 2993 580 3042 douai.
630 3001 655 3042 el
671 2992 804 3044 obscurior:
822 2991 886 3040 varie
904 2991 966 3040 enim
984 2989 1070 3055 exponi
1088 3007 1130 3056 po·

78 3066 231 3116 'Oculietulu
630 3075 684 3117 teet.
717 3067 771 3126 Vel,
779 3076 805 3116 ul
816 3064 959 3131 accipiamur
970 3074 1130 3130 argumentum

115 3142 152 3192 18.
170 3142 270 3204 Quaeque
285 3141 391 3203 relicto]
417 3141 448 3190 Et
465 3147 580 3206 quantuor
629 3158 671 3208 pro
690 3149 754 3192 certo
772 3140 860 3190 indicio
875 3155 903 3189 no
920 3138 995 3203 riguo,
1006 3155 1054 3204 quo
1070 3139 1129 3204 quid

81 3230 109 3264 ee
119 3225 174 3265 runt
183 3214 229 3263 tibi
239 3230 255 3263 ι
265 3213 393 3279 majoribus
401 3213 449 3263 tuin
458 3213 549 3264 relicte.
629 3217 741 3282 probetur
751 3223 776 3264 et
785 3213 941 3270 convincitur,
952 3228 997 3262 ceu
1009 3219 1064 3261 eunt
1074 3229 1128 3279 que

114 3290 151 3339 19.
169 3290 225 3338 Tm
241 3298 303 3346 rum,
313 3288 371 3352 lto]
389 3289 449 3338 Tem
465 3304 510 3354 ego
520 3288 579 3338 Ovi·
630 3290 723 3349 πίσηις
734 3288 866 3345 uncino
876 3286 992 3353 τεκμήρια
1002 3287 1128 3349 dicuntum

79 3362 199 3414 diurnum
218 3361 418 3413 numerandum
436 3371 476 3412 tuo
493 3377 539 3411 ere
556 3370 581 3410 et
630 3373 656 3414 ut
670 3364 701 3414 rit
719 3360 850 3430 sententie:
868 3362 976 3412 Dubium
993 3370 1038 3419 eet,
1048 3371 1128 3412 utrum

79 3453 156 3490 oense.
192 3439 267 3500 cuju
292 3446 324 3486 u.
357 3436 432 3502 Cujus
454 3436 489 3486 tui
515 3436 580 3488 Sexti
629 3438 705 3504 majus
725 3436 839 3486 auxilium
857 3435 915 3484 milri
935 3437 1053 3502 roburque
1071 3436 1131 3486 meir

80 3511 184 3579 Pompeii
202 3517 288 3560 moeeto
305 3509 379 3560 dono:
397 3525 452 3558 nem
469 3519 510 3559 tuo
528 3525 579 3560 mu·
628 3511 794 3577 rie‚uumejue
804 3507 926 3568 indicium,
934 3509 1066 3575 certiorque
1076 3527 1130 3575 pro·

80 3583 366 3653 nereetpreeiburviro:
384 3584 440 3650 quie
456 3593 579 3650 tergente
627 3585 693 3636 butio
713 3601 741 3635 ee
763 3585 821 3636 fides
838 3585 921 3634 erroris
940 3583 1001 3634 mei:
1020 3584 1064 3633 hoo
1083 3593 1129 3641 eet,

79 3659 201 3727 Augustus
218 3676 257 3710 me
272 3676 320 3710 non
334 3658 577 3716 interiecimedten·
629 3659 693 3726 quod
713 3676 797 3716 errore,
819 3675 865 3708 non
890 3659 979 3708 scelere
999 3657 1128 3721 peccarim.

79 3743 126 3784 tum
137 3735 163 3784 in
174 3735 285 3785 exsilium
294 3733 419 3784 Ponticum
430 3734 502 3784 misit.
523 3735 576 3784 Hoc
627 3735 674 3785 Vel
686 3749 786 3790 rurnum,
798 3742 825 3782 ut
839 3733 902 3782 idem
918 3747 1002 3781 nomeu
1018 3746 1060 3795 pro
1075 3746 1126 3780 ruu-

78 3819 155 3859 eutem
168 3807 313 3859 beneficium
330 3817 401 3874 poetu
414 3807 480 3858 triste
493 3825 578 3858 munue
627 3807 695 3863 tone,
713 3815 738 3856 et
759 3805 827 3871 queei
846 3805 948 3871 quodum
969 3803 1075 3868 eubjecto
1093 3798 1127 3852 rei

77 3883 190 3948 edpellat,
209 3891 334 3948 propterea
351 3879 414 3946 quod
431 3881 455 3931 in
473 3897 498 3931 re
517 3881 578 3930 tristi
629 3880 782 3946 accipiamur,
798 3879 861 3929 unde
878 3889 960 3946 penten
976 3876 1068 3942 aliquid
1086 3893 1128 3926 ex·

78 3967 101 4007 et
120 3967 209 4008 incesta
227 3955 369 4005 beneficium
389 3963 425 4004 eet
444 3955 578 4005 adsecutus.
628 3953 935 4009 edificatumuteffioitnr.
967 3951 1125 4017 Sive,ulple-

75 4029 267 4080 SedHerleeiue:
287 4028 519 4085 TriuiPoneo,h.e.
531 4037 578 4078 ete-
627 4029 682 4078 niue
701 4028 788 4084 dicem,
804 4043 847 4092 pro
866 4044 937 4093 opere
956 4025 1078 4075 informato
1097 4040 1126 4074 ee

75 4105 119 4154 rili.
129 4108 159 4156 P.
167 4105 202 4154 iii.
211 4104 235 4152 u.
246 4105 284 4152 lo.
305 4105 386 4160 Quum
394 4103 485 4166 ego'me
494 4102 578 4152 tibiite
628 4102 757 4152 delineeto.
788 4103 850 4150 Mrc.
882 4101 947 4152 Prior
966 4097 1126 4168 interpretetio

76 4177 143 4238 douo,
151 4179 232 4228 dicere
241 4191 288 4226 non
298 4185 373 4243 polee,
385 4185 408 4226 te
421 4176 477 4226 nihil
489 4176 575 4242 proprii
627 4175 734 4226 Herleeio
745 4175 864 4240 probetur.

75 4251 159 4303 hebere
167 4254 193 4301 in
205 4253 283 4300 Ponto
294 4250 394 4300 horrido.
428 4249 540 4298 Herus.

104 4329 180 4378 VOL.
193 4327 230 4374 ΙΙ.
724 4325 751 4370 Μ
764 4341 783 4370 u
