2982 5118
338 411 405 478 4oe
634 405 858 476 novum
881 407 1093 476 NASONIS

345 585 534 685 legimus,
553 611 575 660 o
588 583 737 683 juvenis
752 583 863 685 patrii
881 607 956 658 non
972 581 1138 681 degener
1153 583 1243 668 ori's,

395 703 509 779 Dicta
520 701 590 776 tibi
607 701 720 802 pleno
736 702 852 775 verba
867 699 1011 774 diserta
1024 698 1115 774 foro.
1361 702 1382 770 8

344 819 451 906 Quoe,
470 841 687 918 quanquam
708 817 837 915 lingua
856 815 947 890 mihi
969 819 1058 892 sunt
1077 823 1303 914 properante
1320 835 1384 911 per

393 934 510 1010 Lecta
524 935 614 1009 satis
633 934 783 1022 multas,
798 956 922 1032 pauca
938 932 1055 1008 fuisse
1072 954 1221 1030 queror.
1259 930 1382 1026 [horas

342 1050 459 1125 Plura
475 1051 542 1126 sed
559 1050 640 1124 haec
657 1048 730 1125 ieci
747 1050 949 1146 relegendo
966 1073 1087 1148 saepe3
1112 1071 1182 1122 nec
1199 1070 1367 1143 unquam

393 1166 487 1240 Haec
505 1167 609 1252 mihi,
629 1189 743 1263 quarn
762 1165 894 1264 primo,
914 1176 1021 1262 grata
1036 1165 1139 1238 furere
1156 1162 1294 1260 magis.
1474 1155 1475 1172 ¹

344 1280 548 1379 Quumque
565 1280 657 1354 nihil
675 1280 788 1355 toties
805 1280 944 1354 lectae
961 1280 1161 1354 dulcedine
1178 1280 1352 1378 perdant,

391 1396 544 1472 Viribus
562 1397 627 1470 illa
643 1396 735 1482 suis,
754 1420 829 1468 non
847 1396 1024 1483 novitate,
1042 1397 1209 1495 placent.
1409 1471 1412 1474 .

342 1512 501 1601 Felices,
520 1514 658 1612 quibus
675 1510 756 1585 haec
774 1511 857 1611 ipso
875 1534 1103 1608 cognoscere
1120 1511 1159 1584 in
1177 1520 1279 1596 actu,
1340 1513 1382 1582 15
1474 1529 1475 1610 ς

392 1629 444 1704 Et
460 1641 538 1704 tam
555 1628 717 1703 facundo
735 1625 892 1724 contigit
909 1652 974 1702 ore
990 1626 1080 1702 frui!
1474 1615 1475 1620 ¹

343 1743 455 1836 Nam,
470 1767 690 1844 quanquam
708 1767 819 1842 sapor
836 1753 896 1817 est
912 1744 1039 1819 adlata
1055 1742 1177 1818 dulcis
1195 1741 1235 1817 in
1253 1742 1365 1830 unda,

391 1861 545 1935 Gratius
563 1884 612 1935 ex
630 1860 713 1958 ipso
730 1858 833 1934 fonte
850 1860 1029 1935 bibuntur
1043 1885 1174 1959 aquae:

341 1977 392 2051 Et
409 1977 528 2074 magis
547 1975 712 2050 adducto
728 2001 884 2075 pomum
901 1977 1103 2076 decerpere
1121 2000 1238 2064 ramo,
1474 2055 1475 2072 χ

389 2092 514 2178 Quam
531 2092 580 2168 de
597 2093 730 2167 caelata
747 2117 895 2169 sumere
913 2095 1033 2181 lance,
1047 2096 1167 2192 juvat.
1335 2098 1383 2166 20
1474 2111 1475 2176 1

339 2209 391 2284 At
407 2209 480 2282 nisi
498 2232 729 2308 peccassem,
748 2210 821 2284 nisi
840 2235 900 2286 me
917 2235 1002 2286 mea
1019 2210 1134 2286 Musa
1150 2209 1333 2309 fugasset,
1474 2197 1475 2210 ¹

389 2324 501 2410 Quod
519 2324 607 2422 legi,
626 2337 693 2400 tua
709 2348 783 2400 vox
800 2325 1038 2403 exhibuisset
1054 2351 1164 2425 opus.

339 2440 470 2540 thue
487 2441 540 2515 fui
559 2441 704 2531 solitus,
724 2443 908 2520 sedissem
926 2442 1079 2518 forsitan
1093 2467 1190 2518 unus

390 2557 449 2634 De
464 2567 615 2633 centurn
628 2558 749 2656 judex
767 2545 889 2634 intua
903 2559 1020 2634 verba
1035 2559 1138 2633 viris.

337 2761 401 2820 lidia,
413 2760 528 2818 barbaris,
535 2770 560 2810 et
569 2759 680 2828 impexis.
697 2762 768 2810 Men.
791 2762 838 2812 Vel
889 2762 1002 2822 Messene
1019 2775 1148 2826 cognomen
1166 2759 1279 2810 Messala
1297 2762 1384 2827 primm

336 2837 416 2900 potius
428 2837 525 2884 hirsutos
536 2834 641 2884 nominet
657 2843 750 2901 propter
763 2835 839 2900 pellea
874 2835 999 2884 ‚adscivit
1045 2833 1099 2885 lluc
1127 2842 1152 2884 et
1176 2835 1238 2884 refer
1262 2837 1383 2886 Veledam
1474 2889 1475 2894 ,

336 2908 449 2966 hirsutas,
467 2910 555 2975 quibus
573 2925 599 2960 ee
620 2910 734 2959 adversus
752 2909 839 2974 trigon
887 2908 1021 2958 Maximum
1031 2908 1260 2975 rcripmem.cojm
1270 2910 1385 2960 nonnulla
1474 2895 1475 2956 l

334 2982 377 3033 illo
390 2985 435 3033 eub
448 2985 511 3034 coelo
525 2999 593 3050 pane
606 2991 837 3050 perpetuacommu·
887 2983 1017 3033 etiamnum
1027 2991 1130 3044 exstem.
1157 2983 1248 3032 linus.

340 3059 416 3108 uiant.
430 3059 508 3108 Pour.
527 3059 626 3108 Marma
635 3059 711 3108 Corra.
725 3059 836 3119 limine,-
920 3059 945 3106 7.
958 3059 979 3106 0
984 3062 1079 3120 jaromir
1092 3077 1137 3107 non
1147 3058 1267 3124 degam]
1280 3059 1304 3109 0
1315 3060 1384 3110 Cotta

337 3140 363 3182 et
380 3132 414 3182 ric
428 3132 496 3182 initio
513 3132 625 3197 Epistola
641 3133 742 3181 Maximo
756 3133 835 3182 Οοηι.
886 3133 1003 3190 Maxime,
1021 3133 1062 3198 qui
1083 3149 1130 3182 non
1149 3132 1282 3197 degeneres
1298 3148 1314 3185 a
1331 3134 1384 3185 tuis.

336 3207 384 3256 llic
404 3206 516 3256 uersos
532 3205 629 3256 Corvini
644 3205 710 3256 illim
730 3206 835 3256 disertis·
886 3208 939 3256 Orr'r
947 3209 1028 3270 patrii.
1044 3205 1193 3272 Eloquentia
1203 3207 1279 3273 petris
1288 3208 1333 3266 tui,
1343 3207 1382 3276 qui

335 3279 388 3330 rimi
410 3279 483 3338 lilius,
506 3279 641 3330 Memffini
660 3281 739 3338 irater,
758 3282 835 3332 Cottas
884 3281 929 3331 luit
939 3289 1139 3331 commmoratur.
1160 3281 1209 3332 Vel
1219 3282 1283 3333 fecie
1293 3291 1382 3348 petrem

334 3367 420 3402 nomeu
433 3361 555 3403 mutuatus
569 3364 606 3403 est
621 3354 652 3402 ab
662 3353 767 3404 Aureliis
783 3354 835 3404 evis
884 3363 951 3404 tuum
962 3355 1072 3406 referens.
1095 3356 1167 3404 Mna.
1177 3362 1203 3404 et
1213 3355 1294 3406 Porrr.

335 3427 457 3484 maternis,
474 3436 501 3476 ut
517 3425 629 3476 discimus
650 3445 680 3478 ex
695 3429 780 3494 Elegia
797 3429 833 3478 ul·
916 3431 941 3478 ll.
962 3430 1034 3478 Dicto
1052 3430 1119 3492 pleno
1129 3427 1207 3494 sora]
1227 3429 1321 3480 Habita
1339 3431 1385 3480 ire·

334 3497 402 3555 time,
415 3500 485 3549 Pom.
500 3500 544 3550 lin.
559 3500 591 3551 ir.
603 3517 651 3550 rer.
662 3504 702 3552 43.
720 3503 745 3552 in
762 3519 834 3568 quem
883 3501 967 3567 quenti
983 3503 1061 3559 turba,
1072 3517 1127 3568 qum
1145 3510 1195 3552 eret
1213 3501 1239 3551 in
1256 3503 1307 3552 imo
1319 3503 1381 3569 judi·

334 3580 430 3638 gentem
448 3572 575 3638 adoptione
590 3575 747 3636 transirem
769 3577 834 3642 quod
884 3575 948 3624 ciali.
1259 3627 1264 3638 ,

333 3662 406 3712 supra
421 3645 524 3696 vidimus
540 3649 584 3696 sub
602 3648 671 3698 linem
686 3649 776 3715 Elegia
794 3667 833 3700 ee-
920 3650 1145 3714 10.Fuierepoum.]
1157 3649 1238 3700 Visam
1248 3651 1381 3702 tuineeem

334 3718 419 3770 eunde
436 3719 506 3786 hujus
520 3719 583 3770 libri.
617 3721 736 3772 Maximus
754 3731 834 3774 eutem
884 3725 1013 3774 credonem
1030 3725 1135 3780 brevem,
1152 3731 1248 3790 propter
1265 3727 1320 3790 ejus
1335 3726 1382 3775 ele·

333 3794 410 3844 diem
429 3809 458 3844 ex
478 3794 577 3844 Valeria
598 3793 688 3844 familia
708 3796 833 3860 quosdam,
883 3797 1115 3862 geutiem‚etsuare
1127 3796 1224 3846 dicendi
1232 3813 1319 3862 geum.

334 3869 532 3934 quemadmodum
541 3867 832 3928 Messaleefflleccosfflo-
916 3875 956 3923 20.
969 3873 1044 3927 Qum
1059 3875 1087 3922 de
1100 3873 1166 3920 lenae
1179 3873 1285 3936 celem]
1304 3875 1382 3933 Quem

334 3942 442 4007 plicolu‚
454 3941 564 3999 Voluroe,
574 3940 682 3991 Catullus
697 3951 721 3991 et
731 3941 832 3992 Aciscu-
882 3945 913 3995 de
923 3946 1005 4012 eliqua
1013 3945 1106 4012 padue,
1114 3953 1140 3995 et
1149 3961 1206 3995 rue
1216 3947 1320 4013 sculpto.

333 4015 377 4072 los,
398 4027 487 4068 sermm
508 4025 551 4064 est
587 4017 651 4066 Nem
670 4015 735 4066 bello
755 4017 831 4083 primo
913 4021 957 4068 22.
970 4019 1286 4082 unamquamquam
1303 4022 1383 4070 Multo

334 4091 490 4150 Punico,rub
507 4107 595 4140 nuum
613 4091 645 4140 U.
659 4091 688 4140 C.
704 4093 830 4142 coxald.
881 4092 957 4158 magis
973 4094 1037 4142 enim
1054 4093 1166 4142 viverox
1185 4092 1276 4143 adlicit.
1311 4095 1382 4142 Erdi-

333 4165 443 4216 Valeriur
461 4165 582 4215 Maximus
600 4180 655 4214 curn
670 4165 707 4214 Μ.
726 4163 831 4215 Otacilio
880 4169 969 4218 buirur.
985 4169 1039 4216 Hoc
1055 4175 1101 4222 eet.
1115 4165 1269 4228 audivissem,
1284 4184 1331 4218 nou
1346 4169 1383 4218 le·

332 4238 419 4289 Cremo
433 4239 514 4290 couml
524 4238 670 4306 perhibetur,
681 4240 722 4306 qui
733 4239 830 4292 devicte
880 4239 966 4304 qinom
977 4239 1106 4290 orationem
1117 4249 1192 4292 tuam.
