2988 5116
358 343 424 410 412
654 343 695 410 Ρ.
710 343 873 412 ovlnn
897 345 1109 413 NASONIS

360 516 511 615 Quique
527 517 634 591 dolor
650 529 786 616 peetus
802 518 992 616 tetigisset
1010 519 1174 596 Generis
1191 525 1270 610 alti,

409 631 522 706 Illum
534 631 689 731 jurabas
706 633 877 734 protinus
893 659 979 710 esse
994 646 1124 710 tuum:

365 747 417 822 Ut
432 759 560 824 tamen
576 748 708 824 audite
723 760 783 824 eet
798 761 934 825 noetrae
951 751 1021 824 tibi
1037 751 1158 826 cladis
1175 751 1294 850 origo,
1354 759 1405 827 65

410 863 557 939 Diceris
574 867 705 941 erratio
723 866 951 964 ingemuisse
969 867 1076 943 meis.

359 980 457 1056 Tum
473 991 541 1056 tua
555 1007 617 1058 me
634 983 796 1082 primum
813 985 926 1058 soleri
942 983 1051 1060 litero
1066 985 1194 1085 coepit,

411 1097 462 1172 Et
478 1097 609 1172 laesum
626 1097 728 1171 flecti
745 1122 853 1196 spem
869 1098 960 1174 dore
977 1123 1091 1198 posse
1108 1099 1250 1174 Deum.

361 1211 482 1288 Movit
498 1211 673 1286 amicitioe
689 1222 771 1285 tum
788 1223 827 1286 te
843 1214 1057 1289 comitantia
1073 1217 1208 1312 longae,

405 1329 506 1404 Ante
521 1338 607 1403 tuos
622 1338 727 1402 ortus
743 1353 830 1427 quie
846 1329 937 1404 mihi
954 1340 1080 1430 coepto
1095 1329 1180 1404 fuit.
1345 1337 1395 1404 70

359 1445 411 1522 Et
426 1445 530 1544 qnod
546 1469 629 1520 eres
646 1443 729 1518 aliie
745 1443 879 1531 factus,
898 1445 989 1518 mihi
1007 1455 1118 1518 natus
1136 1445 1304 1534 amicum

408 1561 596 1661 Quodque
612 1561 681 1636 tibi
699 1562 737 1635 in
753 1561 860 1636 cunis
876 1561 1007 1636 oscula
1023 1561 1144 1660 prima
1160 1561 1273 1650 dedi;

361 1679 485 1766 Quod,
501 1701 618 1777 quum
627 1687 752 1752 vestra
767 1677 900 1750 domus
917 1677 1058 1752 teneris
1074 1676 1167 1752 mihi
1183 1701 1336 1776 semper
1351 1679 1400 1753 ab

508 1817 614 1866 annis

409 1909 524 1983 Culta
540 1908 600 1994 sit,
618 1930 703 1982 esse
719 1917 827 1981 vetus
844 1929 943 1980 nuno
960 1904 1030 1980 tibi
1047 1929 1162 2002 cogor
1177 1930 1286 1981 onus.

361 2027 428 2101 Me
445 2037 533 2100 tuus
550 2025 612 2099 ille
629 2035 748 2124 pater,
769 2023 885 2099 Latiae
902 2023 1078 2097 facundia
1097 2022 1248 2119 lingum,
1350 2028 1398 2098 75

409 2142 504 2226 Quae
521 2164 597 2215 non
613 2139 763 2214 inferior
779 2138 974 2213 nobilitate
990 2137 1073 2225 fuit,

358 2258 520 2346 Primum
538 2268 582 2332 ut
597 2258 773 2332 auderem
790 2255 1024 2330 committere
1041 2254 1346 2343 caminatam,

409 2373 583 2472 Impulit:
612 2373 750 2472 ingenii
767 2374 846 2448 dux
862 2372 933 2446 suit
948 2372 1014 2446 ille
1029 2373 1118 2445 mei.

360 2489 397 2563 N
399 2514 457 2576 ec,
475 2513 551 2587 quo
569 2489 619 2563 sit
634 2489 794 2590 primum
812 2487 921 2562 nobis
939 2511 962 2562 a
977 2499 1146 2588 tempore
1163 2488 1303 2592 cultus,

410 2605 609 2680 Contendo
625 2605 774 2680 fratrem
792 2628 905 2703 posse
922 2603 1059 2679 referre
1076 2615 1195 2676 tuum.
1350 2609 1396 2676 80

246 2767 248 2774 >
358 2717 414 2795 Te
430 2731 557 2795 tamen
574 2731 661 2794 ante
678 2743 808 2794 omnes
824 2720 877 2792 ita
889 2743 972 2793 sum
989 2718 1223 2816 complexus,
1239 2727 1284 2792 ut
1299 2743 1396 2792 unus

407 2833 587 2920 Quolibet
603 2835 641 2908 in
658 2859 748 2910 casu
766 2834 885 2930 gretia
901 2845 1030 2906 nostra
1045 2833 1178 2906 fores.-

362 2951 504 3025 Ultima
519 2975 580 3026 me
597 2963 721 3025 tecum
738 2951 842 3036 vidit,
861 2949 1080 3047 moestisque
1097 2949 1280 3023 cadentes

408 3065 574 3166 Excepit
590 3067 774 3166 lacrymas
792 3067 897 3141 Italis
911 3089 977 3140 ora
993 3064 1113 3162 genis.

390 3295 430 3342 63.
448 3297 616 3358 comitant]
635 3294 674 3342 Ad
689 3295 848 3352 nltitndinem,
898 3298 1045 3346 molestaret
1055 3310 1178 3344 oum:
1197 3295 1240 3359 qni
1251 3295 1332 3346 tnirin
1342 3313 1395 3363 pne

358 3384 399 3416 ren
409 3368 528 3432 festigium
543 3367 634 3434 imperii
649 3369 794 3419 referendum
804 3377 849 3418 est.
899 3371 1014 3420 ritinmee
1023 3370 1055 3418 fni
1066 3368 1227 3418 oblectationi.

358 3443 436 3490 Ponr.
931 3445 971 3494 77.
990 3445 1013 3492 Π
1014 3457 1023 3492 t
1033 3445 1285 3494 memmium
1294 3449 1396 3494 armine

389 3517 429 3564 67.
441 3513 586 3578 Tertium]
598 3517 763 3581 Tueepintola.
780 3517 849 3564 Mem
891 3515 985 3582 sm]
1004 3520 1037 3567 Ut
1053 3517 1164 3566 auderem
1178 3517 1286 3568 ettminn
1303 3537 1356 3569 men
1372 3521 1396 3568 in

360 3589 424 3638 Terre
446 3599 486 3636 tna
503 3606 537 3636 me
554 3593 659 3651 primum.
697 3591 752 3636 Non
769 3600 848 3637 antee.
899 3593 1019 3658 pubiicum
1030 3592 1108 3640 edere.

356 3663 421 3722 Quid
438 3661 501 3711 enim
519 3664 641 3718 toleretur,
658 3678 727 3727 quem
746 3661 849 3710 nondum
932 3667 971 3715 79.
990 3665 1037 3714 Neo
1057 3683 1100 3728 qno
1113 3667 1142 3712 rit
1159 3665 1282 3728 primm]
1302 3667 1395 3718 Seme.

356 3743 447 3786 tonum
456 3737 612 3802 comperisset.
640 3737 711 3784 Men.
897 3739 1017 3791 Twirden.
1033 3749 1058 3790 et
1074 3741 1172 3802 Argent.
1186 3739 1320 3789 mnndum
1337 3759 1396 3807 qnos

389 3813 429 3860 68.
448 3812 522 3859 Deum
543 3811 638 3874 lerum]
659 3811 793 3874 Augustum
814 3811 847 3858 os·
899 3814 1016 3878 rescripsit
1027 3813 1146 3868 Heinsius,
1156 3820 1181 3860 et
1195 3813 1230 3861 sic
1245 3829 1342 3880 quoqne
1358 3832 1397 3864 eo·

357 3889 368 3935 s
365 3901 455 3937 eeeee
897 3891 944 3938 dex
956 3891 1015 3936 Bar.
1028 3889 1093 3936 Sene.
1108 3887 1222 3942 Adfirmm
1234 3888 1333 3938 fratrem
1350 3907 1395 3939 non

388 3963 428 4009 70.
454 3961 514 4007 Ante
532 3967 581 4006 trior
600 3961 683 4023 ortae]
713 3959 848 4025 Antequam
897 3961 1162 4030 ponereminiroi,qno
1176 3962 1280 4026 primum
1290 3971 1394 4030 ternpore

356 4032 497 4091 nascererin3
512 4040 568 4082 tnnc
584 4032 647 4082 enim
662 4043 728 4099 petre
743 4043 784 4083 tuo
797 4043 848 4083 ute·
897 4052 913 4084 a
927 4035 993 4090 nobie
1003 4035 1081 4083 cultui
1091 4033 1130 4083 rit.
1140 4033 1165 4082 h.
1175 4050 1196 4084 e.
1206 4035 1308 4100 aprima
1318 4037 1394 4086 infm-

355 4110 398 4157 btr
409 4105 561 4156 familiariter.
897 4110 932 4158 tie
941 4109 985 4158 init
995 4109 1081 4158 cultus.
1113 4109 1224 4158 Hennes.

388 4182 428 4230 74.
448 4181 514 4230 Vetus
523 4182 600 4245 onus]
620 4181 694 4232 Vetus
705 4181 795 4230 amicos
804 4181 846 4230 tibi
928 4186 968 4232 84.
987 4183 1053 4232 itatis
1069 4182 1107 4248 (h.
1123 4201 1146 4232 e.
1167 4183 1266 4250 liutici)
1285 4189 1325 4233 ‘orn
1342 4200 1392 4234 ror·
