2972 5110
393 369 458 436 ear
688 369 725 434 P.
750 367 913 436 ovmrr
936 367 1149 475 Nasonis

393 543 444 620 Et
461 543 590 642 pudet,
601 553 640 618 et
653 553 792 632 metuo,
804 541 1029 644 semperque
1044 545 1255 646 eademque
1271 547 1433 646 precari;

444 657 506 734 Ne
522 660 683 734 subeant
698 661 823 734 animo
840 659 954 735 taedia
965 663 1070 759 justu
1086 673 1165 736 tuo.
1388 669 1434 736 30

392 774 533 850 Verum
546 774 639 874 quid
655 775 816 850 iaciaml
844 799 904 851 res
922 777 1167 852 immoderata
1180 780 1321 877 cupido
1338 790 1417 854 est:

443 891 505 966 Da
520 891 668 966 veniam
684 889 787 986 vitio,
806 891 907 966 mitis
925 893 1058 980 amice,
1076 915 1173 967 meo.

393 1007 567 1082 Scribere
585 1031 687 1106 saepe
701 1007 803 1082 aliud
821 1007 979 1106 cupiens
995 1007 1151 1082 delabor
1167 1007 1325 1084 eodem:

442 1121 533 1222 Ipsa
550 1125 673 1198 locum
691 1147 817 1222 perse
835 1124 943 1198 litera
960 1135 1088 1199 nostra
1104 1135 1224 1222 rogat.

393 1238 469 1313 Seu
487 1251 614 1315 tamen
632 1239 789 1314 effectus
802 1239 976 1316 habitura
993 1251 1052 1316 est
1064 1241 1201 1338 gratia3
1221 1265 1291 1316 seu
1308 1265 1370 1316 me
1386 1245 1428 1314 35

443 1355 548 1428 Dura
559 1356 671 1462 jqbet
687 1355 811 1452 gelido
829 1355 952 1430 Parca
968 1359 1039 1430 sub
1057 1379 1131 1431 axe
1148 1357 1264 1445 mori3

392 1469 551 1570 Semper
567 1469 725 1545 inoblita
740 1482 907 1570 repetam
926 1484 993 1547 tua
1007 1495 1163 1546 munera
1177 1482 1318 1557 mente,

442 1585 492 1660 Et
509 1611 594 1664 mea
610 1587 799 1662 metellus
817 1588 945 1662 audiet
961 1611 1046 1664 esse
1062 1599 1182 1662 tuum.

392 1702 535 1776 Audiet
551 1714 591 1778 et
607 1703 702 1776 eoelo
719 1703 844 1801 posita
860 1703 920 1778 esl
937 1711 1175 1802 quecunque
1192 1705 1265 1777 eub
1283 1703 1357 1792 illo,

440 1816 591 1926 'l'qrnsit
608 1828 736 1892 nostra
750 1817 850 1894 ferus
868 1818 899 1893 si
918 1819 1029 1892 modo
1048 1817 1163 1892 Musa
1178 1819 1315 1894 Getas.
1382 1823 1424 1890 40

391 1930 523 2030 Teque
541 1955 634 2050 qreae
652 1949 805 2008 causam
825 1945 1129 2034 servatoremque
1146 1935 1292 2020 salutis,

441 2045 585 2147 Meque
602 2060 710 2142 tuqm
728 2049 823 2124 libra
839 2051 937 2126 norit
953 2061 993 2124 et
1009 2075 1083 2126 rere
1101 2051 1236 2148 magis.

421 2263 461 2314 35.
480 2261 596 2314 Habitare
615 2275 646 2314 erl
668 2267 746 2330 gralia
768 2263 885 2332 affectura]
970 2266 1009 2314 ⁴2.
1035 2265 1135 2330 lilim]
1159 2265 1248 2316 Samus
1267 2275 1318 2314 ert:
1340 2265 1379 2314 lle
1395 2265 1424 2312 lui

389 2337 887 2406 Farorluuaertapurlceuaremimpetra·
937 2338 1049 2406 mancipii
1066 2355 1117 2388 ease
1136 2341 1205 2398 uerit,
1227 2339 1339 2405 quamvis
1357 2356 1387 2388 a
1404 2349 1424 2390 el

391 2421 457 2464 turus
467 2411 529 2479 quod
542 2413 603 2463 volo.
937 2412 998 2462 lrlrra
1006 2413 1227 2480 mancipatiouiuon
1236 2413 1364 2464 adfuerint.
1384 2413 1423 2462 lli-

422 2489 463 2538 38.
481 2489 511 2538 Er
523 2506 570 2538 meu
580 2507 615 2539 me
626 2487 714 2554 tellau]
735 2487 787 2538 Pru
804 2504 841 2538 me
853 2489 886 2538 le·
937 2505 981 2536 aar
996 2503 1051 2536 vero
1067 2503 1121 2536 eum
1139 2487 1243 2536 ablativo
1261 2503 1346 2554 ponere
1359 2487 1425 2536 sulem

389 2577 447 2621 ram,
463 2571 488 2614 el
505 2562 583 2613 dicam
600 2573 625 2613 et
646 2563 749 2614 tutabor
767 2561 805 2611 hic
823 2563 886 2630 apud
937 2561 1016 2610 Latini
1027 2577 1068 2627 pro
1076 2572 1167 2625 pem.
1199 2561 1239 2611 De
1253 2560 1423 2628 mancipatione,

387 2635 508 2694 bubum,
529 2653 567 2688 me
586 2646 652 2686 tuum
677 2652 737 2692 me.
758 2636 887 2704 obligatum
936 2651 990 2701 qun
999 2634 1423 2700 permetlrlrramliebal,v.Cujum

388 2709 481 2760 miliar
495 2711 538 2760 tibi
554 2709 643 2760 meritis
660 2709 769 2760 maximia
783 2718 808 2758 et
818 2709 887 2759 iuuu·
938 2707 1025 2758 laurita
1035 2706 1053 2756 i.
1065 2707 1089 2757 9.
1100 2719 1125 2757 et
1135 2707 1227 2758 Ernesti
1239 2709 1265 2758 iu
1276 2709 1343 2759 clare
1353 2709 1422 2758 Cieer.

389 2783 551 2834 motabilibus.
586 2783 665 2834 Pour.
936 2781 981 2831 aul)
992 2781 1179 2848 r.Mancipium.
1199 2781 1423 2848 Aliihubenrmgia

422 2857 462 2907 ³9.
480 2857 564 2908 Audiet
584 2869 606 2907 rr
624 2857 685 2914 celo,
701 2855 759 2920 δια]
786 2855 888 2906 Ovidius
936 2855 1176 2922 quodiuterpretalur
1188 2855 1305 2922 Micyllus
1314 2857 1422 2906 murri-

389 2929 452 2981 hauc
461 2929 522 2996 grati
535 2931 607 2982 animi
622 2941 647 2981 et
659 2929 829 2980 benevolentia
841 2929 886 2980 lor·
935 2935 983 2990 κῶς
997 2945 1055 2995 pro:
1075 2929 1144 2980 Norit
1154 2947 1191 2980 me
1202 2930 1280 2997 magis
1294 2939 1359 2980 tuum
1371 2943 1422 2982 ωε,

390 3019 452 3054 ruam
467 3003 572 3055 imitatus
587 3015 623 3054 eat
633 3021 663 3054 er
675 3001 722 3052 illir
731 3003 886 3053 ornatioribus
936 3019 1006 3068 quam
1022 3003 1041 3051 ri
1057 3019 1099 3070 per
1109 3019 1142 3054 ιι
1153 3019 1181 3053 ιο
1197 3003 1284 3054 libram
1294 3003 1421 3054 emtusaim.

390 3077 484 3144 Virgilii
502 3079 567 3138 locis,
581 3077 676 3130 AEneid.
690 3078 708 3128 i.
719 3079 767 3127 607
781 3095 834 3146 sqq.
847 3077 886 3129 vii.
936 3077 1048 3127 liram.
1281 3081 1284 3086 '
