2988 5116
355 379 422 446 Μ
644 377 686 441 P.
711 371 873 440 OVIDII
897 372 1111 438 NASONIS

357 553 508 628 cetera
524 551 696 626 certatim
715 549 764 624 de
782 573 919 646 magno
936 548 1077 647 scripta
1094 547 1289 646 triumpho

405 668 430 742 J
433 693 492 742 ern
510 667 656 766 pridem
674 665 805 766 populi
822 664 994 763 suspicor
1011 687 1076 738 ore
1092 663 1182 760 legi.

356 785 429 860 llla
442 783 539 858 bibit
555 783 701 870 sitiens,
720 782 839 858 lector
852 806 938 856 mea
954 783 1092 881 pocula
1108 782 1268 881 plenus:
1361 787 1408 856 55

408 900 479 974 Illa
496 923 627 974 recens
646 909 736 1000 pota
752 909 823 987 est,
839 910 968 974 nostra
984 899 1150 998 tepescit
1167 923 1281 997 aqua.

356 1017 444 1094 Non
462 1041 533 1115 ego
551 1016 708 1105 cessavi,
725 1039 795 1090 nec
813 1015 905 1090 fecit
922 1015 1059 1089 inertia
1075 1039 1225 1090 serum:

408 1132 556 1207 Ultima
573 1157 634 1208 me
647 1132 744 1206 vasti
763 1131 926 1206 sustinet
943 1155 1009 1205 ora
1026 1131 1123 1206 freti.

358 1249 461 1324 Dum
474 1248 578 1324 venit
591 1248 665 1322 huc
676 1269 814 1334 rumor,
830 1257 1108 1346 properataque
1121 1247 1291 1322 carmina
1299 1246 1406 1332 fiunt,
1482 1259 1483 1342 l

407 1365 601 1464 Factaque
619 1375 710 1438 eunt
726 1364 775 1437 ad
792 1387 870 1450 vos,
891 1386 1012 1436 annus
1030 1361 1156 1438 abisse
1174 1373 1315 1462 potest.
1361 1367 1408 1434 60
1482 1357 1483 1446 l

359 1481 443 1558 Nec
457 1481 655 1556 minimum
672 1479 797 1566 refert,
812 1480 955 1554 intacta
971 1479 1113 1554 rosaria
1129 1480 1286 1579 primns,

409 1597 470 1671 An
488 1622 572 1673 sera
588 1621 722 1697 carpas
740 1621 849 1697 paene
867 1598 999 1672 relicte
1015 1621 1143 1671 manu.

361 1715 463 1802 Quid
480 1715 629 1803 mirum,
649 1715 758 1789 lectis
776 1715 961 1789 exhausto
978 1715 1134 1788 floribus
1152 1713 1275 1798 horto,

412 1830 453 1904 Si
472 1831 569 1904 duce
588 1854 665 1904 non
682 1830 783 1905 laeta
799 1841 859 1905 est
876 1829 992 1927 digna
1008 1852 1148 1904 corona
1164 1829 1260 1902 suot

362 1945 567 2044 Deprecor,
583 1947 663 2020 hec
677 1957 806 2020 vatum
825 1959 956 2022 contra
973 1971 1042 2022 sua
1058 1945 1228 2020 carmina
1245 1945 1393 2042 nequis
1482 1991 1483 2056 ι

411 2061 524 2135 Dicta
539 2072 671 2160 putet:
692 2084 762 2160 pro
780 2085 822 2136 se
841 2063 956 2138 Musa
972 2064 1100 2138 locuta
1117 2086 1202 2136 mea
1218 2071 1292 2136 est.
1362 2064 1407 2133 66
1482 2091 1483 2104 ¹

362 2177 462 2252 Sunt
477 2177 569 2250 mihi
586 2178 782 2252 vobiscum
800 2178 1015 2253 communia
1032 2201 1152 2264 sacra,
1170 2188 1311 2276 poetoe,

411 2294 456 2368 In
472 2307 597 2371 vestro
614 2295 762 2371 miseris
780 2297 812 2370 si
830 2297 920 2372 licet
937 2321 1023 2372 esse
1040 2295 1169 2370 choro.

359 2412 577 2511 Magnaque
594 2438 681 2512 pars
700 2415 833 2488 animae
851 2439 1000 2488 mecum
1022 2411 1185 2496 vixistis,
1206 2409 1341 2484 amici:

409 2528 493 2606 Hac
511 2555 582 2628 ego
600 2555 674 2606 non
692 2532 828 2608 absens
846 2556 912 2606 vos
931 2553 1087 2632 quoque
1105 2539 1213 2628 parte
1235 2529 1333 2602 colo.
1361 2531 1406 2598 70
1482 2575 1483 2594 i

394 2897 434 2944 bd.
446 2893 514 2959 Ille]
527 2893 626 2946 Scilicet
635 2895 741 2946 carmine
751 2896 861 2946 eliorum.
910 2895 974 2945 nodi
992 2909 1088 2960 qnoque
1103 2893 1250 2960 triumphum
1263 2891 1406 2958 serpunt

363 2967 537 3018 Laetorritieru.
550 2971 637 3020 Lector
644 2970 790 3020 deriderent.
809 2970 861 3020 Ple·
909 2968 949 3018 bic
961 2985 987 3018 re
999 2977 1108 3018 excuset.

362 3061 415 3092 nur.
440 3044 496 3094 Janr
515 3051 595 3093 retur:
617 3053 642 3094 et
659 3044 713 3094 ideo
732 3044 862 3094 fastidiere
943 3045 983 3093 66.
996 3044 1043 3091 Pro
1057 3043 1100 3107 re]
1118 3041 1164 3090 Pro
1180 3041 1287 3090 utilitate
1304 3051 1406 3096 sunnon

365 3119 418 3167 Mea
435 3120 525 3182 poculo.
548 3119 655 3170 Subaudi
673 3121 737 3178 bibit,
756 3119 801 3168 hoc
816 3127 862 3176 ert,
911 3129 937 3168 nt
949 3119 1054 3184 aliquem
1064 3118 1194 3184 culperem.

363 3191 512 3256 legitmeum
523 3209 625 3244 cannen
944 3193 986 3242 67.
998 3194 1130 3241 &muenia
1146 3191 1234 3254 norm]
1255 3190 1318 3249 Quin
1336 3195 1407 3254 poeta

396 3267 436 3315 66.
448 3267 533 3316 Nortrc
544 3267 656 3331 repescit]
670 3267 770 3318 Carmen
782 3283 861 3316 meum
911 3284 994 3318 omnes
1014 3275 1069 3317 runt
1087 3265 1174 3316 Pboebi
1193 3265 1340 3321 sacerdotes,
1357 3261 1406 3310 ideo

362 3353 440 3388 rerum
459 3339 550 3388 nullum
572 3341 669 3391 hebebit
689 3342 791 3406 gratim
811 3349 863 3406 port
911 3343 963 3408 ejnr
972 3339 1164 3392 rrcneuutillir
1174 3356 1229 3394 cunr
1239 3339 1328 3388 Ouidio
1341 3335 1406 3386 etim

363 3411 462 3462 eliorum
473 3414 580 3462 cumina
590 3414 656 3480 prins
666 3415 803 3481 composita.
911 3425 982 3487 poeta
993 3415 1136 3465 communia.

396 3485 436 3534 62.
445 3485 500 3535 Sere
512 3487 603 3551 monn]
615 3489 691 3538 Mami
700 3488 769 3538 tarde.
778 3489 808 3538 ad
820 3489 863 3539 de·
945 3492 988 3540 69.
998 3491 1086 3556 Magno
1096 3505 1150 3551 pert
1157 3488 1250 3551 mter]
1264 3485 1344 3536 Amici
1351 3483 1406 3534 enim

363 3560 494 3626 cerpentes
516 3561 649 3628 hujusmodi
673 3564 749 3612 fluor.
787 3565 862 3622 Queri
912 3563 1035 3630 eleganter
1050 3579 1113 3612 nnnc
1130 3577 1193 3628 perr.
1207 3577 1273 3610 nnnc
1290 3557 1406 3610 dimidium

363 3634 436 3692 dicet,
446 3651 491 3699 ego
501 3635 582 3701 scripsi
597 3645 735 3702 postremus.
747 3646 862 3702 tauquam
912 3639 997 3686 enimn
1009 3636 1138 3686 amicorum
1149 3651 1201 3686 ecee
1211 3634 1334 3684 dicuntur.

363 3709 405 3776 qui
415 3710 509 3759 relictae
519 3723 584 3758 roser
595 3709 694 3774 colligit.
718 3712 789 3760 Rose
799 3713 862 3760 eninr
945 3713 985 3760 70.
998 3711 1050 3760 Huc
1064 3728 1105 3776 ego
1118 3727 1156 3758 nor
1169 3711 1247 3758 obrem
1258 3726 1322 3758 nuuc
1332 3719 1407 3772 Μν

363 3801 417 3851 (μω
438 3783 513 3850 primo
534 3785 652 3848 leguntur,
671 3783 727 3849 quia
745 3785 863 3852 pulchrio·
910 3795 978 3848 perte
996 3785 1068 3850 eolo.]
1096 3785 1233 3849 Elegantior
1255 3783 1331 3834 multo
1356 3777 1407 3828 mihi

364 3875 401 3908 res
411 3857 554 3922 deliguntur,
566 3857 641 3922 magis
650 3858 779 3916 delectant,
791 3875 862 3924 quam
913 3861 1005 3911 videtur
1026 3858 1229 3909 Francolnrtensis
1257 3859 1313 3906 libri
1336 3853 1407 3906 lectio,

363 3932 431 3982 elin:
450 3933 557 3997 sicergo
578 3931 620 3997 qui
642 3931 718 3998 primo
739 3933 862 3982 materiam
915 3935 1202 3999 Hcepuoquenorrobrerrt
1211 3943 1406 3998 ruregoperteco·

363 4007 476 4074 triumphi
492 4005 596 4058 Cereris
612 4005 768 4072 descripsere,
788 4006 864 4072 magis
914 4011 950 4068 lo,·
966 4009 1085 4074 nisiquod
1096 4007 1244 4074 nanspositis
1255 4009 1354 4057 vocibus
1363 4019 1407 4052 me-

364 4083 468 4147 placent.
480 4097 552 4148 quam
562 4097 617 4146 ego.
914 4084 1124 4150 liro‚llccegorrou
1131 4086 1408 4146 uoenrwsquoquepartr

397 4159 439 4206 66.
452 4157 566 4220 Deprecor
577 4158 623 4205 lieo
633 4157 733 4220 ectum]
744 4157 782 4206 Ne
794 4165 864 4223 poeta
915 4161 979 4217 coto5
992 4159 1071 4208 enimn
1082 4173 1129 4206 non
1146 4159 1239 4214 absens,
1250 4157 1296 4206 red
1305 4165 1407 4222 μω.

364 4229 473 4280 videntur
483 4239 582 4296 questus
592 4231 622 4280 de
633 4231 717 4296 poetis,
728 4230 770 4296 qui
781 4231 863 4296 hujus·
916 4232 1172 4298 licetcorporeebsim,
1185 4231 1300 4280 voeeolo.
1326 4231 1407 4278 euax.
