3020 5106
341 335 407 421 ssr
633 331 675 400 Ρ.
697 329 858 398 ovmrr
883 327 1097 400 rumonus
1184 333 1190 342 ·

342 509 569 608 lnjicietque
587 529 740 581 manum
758 505 886 582 forme
903 505 1087 581 damnosa
1103 517 1295 594 senectus,
1341 509 1390 580 :3⁵

393 625 502 713 Qure,
522 623 722 722 strepitum
739 645 855 722 passu
873 646 949 696 non
966 619 1140 711 faciente,
1158 622 1274 697 venit.

342 739 547 838 Quumque
557 739 694 838 aliquis
703 739 827 814 dicet:
849 737 1208 826 firithaecformosa;
1231 737 1388 826 dolebis,

392 855 443 929 Et
460 856 658 954 speculum
677 854 840 930 mendax
858 878 944 928 esse
961 877 1119 953 querere
1136 864 1259 928 tuum.

343 970 795 1070 Sunttibiopesmodicae‚
804 995 922 1069 quum
930 968 1214 1065 sisdignissima
1223 969 1388 1067 magnis:

393 1086 513 1184 Finge
531 1087 598 1162 sed
617 1086 810 1160 immensis
828 1085 1006 1160 censibus
1023 1109 1109 1160 esse
1126 1107 1251 1184 pares.
1343 1087 1391 1156 40

342 1201 493 1302 Nempe
510 1203 579 1278 dot
596 1203 635 1276 id
652 1203 880 1300 cuicumque
897 1201 992 1276 libet
1010 1199 1171 1287 fortuna,
1190 1201 1388 1298 rapitque:

394 1319 478 1394 lrus
497 1329 613 1394 otest
630 1318 768 1406 subito,
789 1317 855 1416 qui
872 1317 985 1392 modo
1004 1317 1160 1390 Croesus
1179 1328 1274 1390 erat.

345 1436 505 1534 Singula
522 1435 614 1534 quid
632 1432 818 1510 reseram?
844 1432 898 1506 nil
916 1457 991 1507 non
1009 1432 1168 1506 mortale
1185 1442 1372 1518 tenemus,

364 1637 371 1652 q
393 1536 565 1627 Pectoris
582 1551 755 1650 exceptis
773 1549 993 1648 ingeniique
1009 1549 1132 1624 bonis.

344 1667 404 1742 En
421 1692 507 1766 eg0‚
522 1693 640 1766 quum
658 1666 781 1766 patria
797 1689 959 1754 caream,
973 1666 1170 1764 vobisque,
1189 1664 1390 1762 domoque,

395 1785 598 1884 Raptaque
616 1784 705 1872 sint,
724 1783 837 1857 adimi
856 1805 942 1880 quae
961 1783 1130 1881 potuere,
1149 1781 1264 1870 mihi;
1344 1781 1390 1850 46

310 1899 314 1904 ’
344 1900 503 1998 Ingenio
521 1910 648 1974 temen
667 1900 749 1999 ipse
767 1924 852 1976 meo
869 1899 1105 1999 comitorque
1122 1899 1324 1997 fruorque:

395 2015 527 2092 Caesur
544 2015 583 2089 in
600 2017 673 2090 hoc
690 2017 815 2115 potuit
826 2013 1082 2114 juris-babere
1099 2015 1213 2100 nihil„

345 2131 517 2218 Quilibet
533 2133 631 2208 hanc
649 2157 749 2207 saevo
766 2134 882 2207 vitam
899 2133 992 2208 mihi
1008 2132 1116 2207 liniat
1131 2156 1234 2220 ense,

394 2247 462 2322 Me
479 2259 607 2324 tamen
625 2247 816 2324 exstincto
833 2249 935 2324 fame
951 2260 1144 2349 superstes
1162 2249 1255 2324 erit:
1345 2253 1392 2322 50

346 2363 526 2463 Dumque
544 2365 621 2439 suis
639 2366 774 2439 victrix
791 2388 943 2441 omnem
961 2365 1010 2440 de
1027 2366 1219 2440 montibus
1237 2366 1369 2442 orbem

395 2480 609 2582 Prospiciet
625 2481 811 2557 domitum
831 2481 972 2557 Martia
990 2481 1126 2571 Roma,
1145 2483 1262 2579 legar.

344 2596 402 2672 Tu
422 2623 587 2698 quoque,
608 2622 723 2698 quam
742 2600 857 2674 studii
874 2609 1026 2675 maneat
1042 2599 1186 2674 felicior
1203 2621 1309 2687 usus,

395 2713 532 2813 Effuge
549 2726 740 2802 venturos,
759 2740 837 2815 quo
853 2727 975 2815 potes,
995 2739 1118 2814 usque
1136 2739 1259 2812 rogos.

377 2929 418 2977 ³5.
429 2926 523 2991 lqy'ietst
530 2927 719 2994 maurosum]
737 2929 845 2978 Formam
895 2935 945 2977 tste
955 2941 1006 2984 sus,
1017 2925 1042 2976 in
1053 2925 1131 2974 medio
1142 2923 1290 2976 miserismm
1301 2941 1394 2976 sumum

344 3000 389 3051 sibi
400 2999 539 3057 rindicsbit,
551 3010 575 3050 et
586 3009 678 3066 turpem
689 3001 781 3050 reddet.
896 3002 1037 3051 consolatur.
1069 3002 1149 3050 Pons.

377 3077 420 3125 36.
447 3075 562 3124 Damnem
584 3073 706 3138 metim]
731 3075 847 3125 Senectus
927 3077 968 3125 «l'l.
985 3073 1395 3142 Compsrselegsntissimsmpqsw

344 3165 398 3215 quse
416 3149 517 3215 juvenes
538 3148 626 3202 damno
644 3146 734 3196 adficit.
772 3147 846 3198 Postu
896 3149 960 3216 apud
971 3150 1077 3216 Propert.
1090 3149 1125 3199 iii.
1136 3150 1153 3198 i.
1162 3150 1271 3200 55-64.
1284 3159 1309 3200 et
1325 3165 1393 3216 suprs

344 3241 390 3272 noo
393 3223 501 3288 faciente
512 3225 640 3286 stt-mitum
674 3221 704 3270 Id
715 3230 760 3278 est,
770 3221 845 3286 gradu
895 3223 930 3274 iii.
940 3225 966 3274 3.
977 3225 1017 3274 ts.
1028 3217 1121 3274 comitor
1132 3224 1156 3273 b.
1166 3224 1183 3273 l.
1194 3221 1298 3290 passive,
1309 3223 1394 3290 ἀρχαῑ·

344 3295 387 3362 qni
399 3312 446 3344 non
460 3295 569 3346 sentitur.
601 3295 702 3362 Obrepit
719 3295 782 3344 enim
799 3311 845 3346 non
896 3300 953 3356 πῶς.
973 3315 996 3346 v.
1017 3297 1185 3362 lauremberg.
1208 3297 1329 3364 antiquar.
1348 3299 1392 3346 sub

344 3369 467 3419 intellecto
477 3377 596 3418 senectus.
895 3370 922 3420 b.
939 3390 962 3422 r.
995 3373 1034 3422 Sic
1050 3375 1167 3422 comtum
1185 3372 1217 3422 de
1234 3371 1306 3425 Pont.
1322 3373 1392 3422 titt

377 3443 420 3491 ll.
443 3441 490 3492 Ed.
507 3451 556 3491 vet.
576 3441 661 3504 Nempe
678 3445 719 3491 dut
737 3453 760 3492 et
776 3445 846 3508 qnod·
896 3447 936 3496 ³³.
948 3455 972 3496 et
988 3447 1054 3497 aliti.
1068 3447 1259 3514 contflensing.
1273 3447 1305 3498 orl
1317 3447 1394 3500 Veclr·

344 3533 448 3580 ΜΝ.
479 3517 515 3567 Ex
534 3531 582 3566 uno
598 3515 710 3566 Medieeo
727 3517 846 3584 rescripsit
896 3521 946 3571 neri
958 3521 1142 3590 Hellenol.png.
1156 3523 1210 3572 116.
1246 3523 1360 3575 Hsnnss.

345 3592 430 3642 Heius.
441 3589 675 3654 solummuseloco
686 3601 708 3640 st
718 3592 845 3643 rescribere
928 3597 969 3646 5³.
994 3597 1069 3651 Quam
1094 3599 1167 3645 studii
1190 3607 1282 3646 musar
1298 3597 1394 3664 felicior

341 3666 424 3736 jubet:
444 3667 581 3714 bmautut.
616 3665 762 3718 Immiuisse
778 3683 844 3717 men·
895 3669 971 3734 uem]
990 3672 1050 3729 Quo
1068 3669 1158 3719 bsbess
1174 3669 1304 3718 feliciorem
1321 3671 1391 3719 tortu·

249 3735 253 3746 '
344 3741 434 3798 dicum,
444 3747 469 3789 et
480 3741 598 3798 Croesum,
610 3753 690 3805 regem
704 3741 796 3806 Lydis,
808 3741 845 3790 di·
896 3760 951 3793 narn
960 3760 990 3795 ex
1001 3743 1085 3794 studiis
1097 3743 1391 3812 poeticis,qosmegobs·

344 3815 469 3871 tissimum,
495 3813 557 3863 inter
580 3829 662 3862 omnes
689 3823 790 3865 constet.
814 3815 845 3865 cl.
895 3817 946 3867 bui.

345 3889 585 3956 Propert.iii.³.39.
621 3888 735 3938 Hennes.
928 3891 1126 3956 64.Qrmpotss.]
1147 3891 1394 3948 &snodtoreteres-

378 3967 419 4015 46.
439 3965 475 4013 Eu
490 3964 554 4030 ego]
573 3963 646 4013 Tollit
662 3963 780 4014 interdurn
795 3965 843 4032 spi·
897 3967 978 4018 Codex
991 3968 1023 4026 A,
1034 3984 1103 4031 quum
1112 3985 1120 4026 ,¹
1137 3965 1212 4016 codex
1226 3965 1256 4022 B.
1266 3983 1328 4031 quos.

345 4041 403 4090 ritus
416 4049 494 4106 poete,
505 4047 529 4088 et
544 4056 569 4088 se
586 4039 627 4098 iu,
639 4047 732 4105 sperata
750 4038 843 4090 eterni-
