2982 5118
259 403 330 470 EX
353 401 514 468 ΡΟΝἾῸ
538 400 631 466 LIB.
654 401 724 468 111.
746 403 894 473 nrlsr.
917 405 981 472 VI.
1078 409 1145 476 m

97 577 178 651 Cur
194 587 334 665 tamen,
353 577 424 653 hoc
442 575 526 652 aliis
542 587 665 650 tutum
682 578 938 667 credentibus,
957 601 1065 669 unus,
1118 585 1148 657 5.

145 693 354 792 Adpellent
369 717 419 769 ne
435 705 473 769 te
491 694 658 768 carmina
674 705 815 783 nostra,
833 697 970 794 rogus?

96 807 251 892 Quanta
266 812 316 885 sit
333 811 371 885 in
389 811 514 884 media
529 810 729 884 clementia
747 811 910 886 Caeseris
927 812 995 902 ira,

148 923 210 998 Ex
228 950 301 1013 me,
321 927 352 1000 si
369 926 506 1014 nescis,
525 927 661 1001 certior
678 951 764 1002 esse
781 940 903 1027 potes.

97 1039 199 1115 Huic
217 1065 301 1139 ego,
316 1067 431 1140 quem
447 1044 581 1142 patior,
598 1045 650 1118 nil
668 1069 820 1144 possem
839 1045 991 1122 demere
1008 1075 1141 1150 poenoe,

146 1157 189 1230 Si
204 1159 326 1255 judex
344 1159 467 1234 meriti
485 1183 639 1256 cogerer
656 1183 741 1235 esse
759 1162 844 1236 mei.
1098 1173 1143 1244 10
1223 1156 1230 1174 ’

98 1271 186 1348 Non
204 1284 307 1349 vetet
323 1275 387 1350 ille
405 1275 462 1348 sui
481 1299 710 1374 quemquam
728 1278 944 1355 meminisse
963 1284 1115 1372 sodalis,

147 1390 184 1464 N
188 1415 238 1464 ec
251 1393 426 1490 prohibet
442 1393 511 1466 tibi
529 1417 590 1468 me
609 1395 784 1485 scribere,
804 1407 919 1495 teque
936 1400 1040 1474 mihi.

97 1505 132 1580 N
135 1529 181 1582 ec
200 1508 325 1582 scelus
343 1507 535 1596 admittas,
554 1509 587 1584 si
604 1511 808 1586 consoleris
825 1513 1001 1602 amicum,

147 1621 331 1697 Mollibus
349 1635 389 1698 et
405 1624 531 1698 verbis
547 1647 683 1724 aspera
699 1626 776 1701 sate
792 1628 908 1704 leves.

99 1737 190 1827 Cur,
208 1740 300 1814 dum
318 1735 401 1815 tuta
417 1742 540 1830 times,
560 1741 653 1818 facis
669 1755 712 1818 ut
729 1745 938 1820 reverentia
954 1747 1041 1822 talis
1098 1751 1143 1824 15

148 1854 236 1929 Fiat
252 1856 290 1928 in
307 1857 502 1953 Augustos
519 1857 701 1933 invidiosa
719 1857 849 1935 Deos?
893 1851 902 1868 ’

98 1972 284 2047 Fulminis
301 1973 459 2048 adflatos
477 1975 665 2050 interdum
682 1969 814 2052 vivere‘
823 1977 908 2052 telis

146 2089 335 2178 Vidimus,
353 2101 394 2163 et
410 2071 524 2179 refici,
544 2115 618 2165 non
637 2093 861 2189 prohibente
878 2093 995 2169 Jove:

98 2204 193 2293 Nec,
215 2205 307 2304 quia
324 2204 527 2304 Neptunus
544 2230 677 2281 narem
695 2208 877 2283 laceraret
896 2209 1061 2308 Ulyosis,

146 2321 366 2397 Leucothee
383 2322 487 2397 nanti
504 2321 599 2396 ferre
617 2313 768 2419 neg'avit
784 2347 908 2422 opem.
1094 2333 1145 2402 20

98 2439 223 2513 Crede
240 2435 346 2525 mihi,
364 2437 511 2511 miseris
528 2439 698 2512 coelestie
715 2440 868 2512 numina
885 2452 1056 2538 parcunt,
1144 2507 1147 2514 .

147 2553 233 2630 Nec
251 2577 404 2653 semper
417 2555 526 2628 laesos
545 2565 585 2629 et
602 2555 684 2629 sine
701 2555 776 2628 fine
794 2566 983 2654 premunt.

98 2670 277 2770 Principe
294 2693 364 2744 nec
383 2681 510 2743 nostro
525 2669 630 2744 Deus
648 2682 708 2746 est
725 2672 951 2746 moderatior
968 2673 1090 2748 nllus:

144 2787 167 2860 J
171 2786 305 2860 ustitia
320 2786 417 2860 vires
434 2797 621 2884 temperat
637 2786 701 2863 ille
716 2813 816 2862 suas.

99 2903 230 3002 Nuper
247 2925 333 2976 eam
352 2901 493 2988 Oaesar,
511 2901 610 2976 facto
628 2902 677 2977 de
694 2927 879 2978 marmore
896 2903 1051 3003 templo,
1092 2909 1143 2978 25

143 3020 166 3093 J
171 3019 383 3118 ampridem
400 3019 528 3117 posuit
545 3021 683 3096 mentis
701 3021 740 3095 in
758 3021 839 3096 aede
857 3045 948 3094 suae.

127 3291 150 3339 ⁵.
171 3291 235 3338 eltis
261 3290 404 3337 cretensibus
428 3306 472 3338 we
495 3291 593 3355 tutum]
645 3285 1144 3340 Latinidixeruntmetremltlstutem.llec

97 3363 157 3412 Aliis
173 3361 371 3412 existimantibus
383 3379 430 3412 non
446 3379 498 3413 esse
511 3364 596 3413 timen-
645 3365 716 3414 meris
726 3363 771 3412 dee
780 3363 856 3420 Ulixi,
867 3362 979 3411 fluctibus
986 3363 1085 3426 jactato,
1092 3360 1145 3408 bul-

97 3436 160 3486 dum.
204 3437 265 3485 Hoc.
286 3435 383 3486 Scilicet
403 3453 489 3487 nomen
509 3453 596 3503 ponere
645 3439 726 3488 theum
736 3436 811 3494 dedit,
822 3453 871 3503 quo
884 3435 928 3486 sibi
943 3446 1027 3502 pectus
1036 3436 1145 3492 vinciret,

97 3512 153 3561 meis
167 3509 274 3577 scriptis.
646 3529 676 3565 no
692 3528 789 3579 penem
806 3513 898 3562 abiret:
917 3527 964 3576 quo
980 3511 1047 3560 fanto
1061 3519 1144 3560 enate-

126 3587 150 3634 9.
162 3584 420 3649 Nilpomndemm
439 3583 505 3644 Quie
516 3585 598 3635 essu
647 3587 691 3636 rit.
719 3587 835 3635 Hennes.

98 3675 141 3709 non
151 3659 270 3727 potuisset
279 3673 318 3708 me
329 3658 410 3707 mitius
420 3660 511 3725 punire.
678 3659 1143 3727 25.Geror‚sactodcmermoretemplo.]

129 3735 167 3783 16.
185 3734 243 3782 ren
261 3732 394 3796 invidioso]
410 3731 530 3782 Invidiam
548 3730 597 3781 illis
646 3735 685 3785 De
704 3735 749 3785 hoc
767 3735 857 3802 templo
873 3734 934 3784 nihil
952 3734 1009 3800 legi.
1041 3732 1145 3786 Proinde
1175 3757 1179 3762 =

97 3817 120 3856 et
138 3807 314 3857 detractionem
333 3806 455 3856 conciliet.
488 3807 520 3856 ln
538 3806 597 3854 Deos
646 3809 785 3866 videndum,
809 3827 839 3860 en
865 3810 896 3858 ed
924 3809 1040 3874 templum
1058 3807 1146 3856 Martie

98 3883 218 3948 Augurem
233 3879 372 3944 Augustum
385 3887 410 3928 et
424 3880 476 3946 ejus
486 3879 547 3928 filios
557 3876 594 3927 in·
648 3882 739 3934 Ultoris
755 3883 869 3934 edlurerit
885 3891 963 3948 poeta,
979 3881 1043 3946 quod
1060 3881 1091 3930 eb
1107 3881 1145 3929 ul-

99 3957 185 4020 tellige.
649 3957 712 4005 tione
724 3956 800 4006 Cassii
812 3965 836 4006 et
846 3954 915 4004 Bruti
929 3954 1074 4020 edpelletum
1088 3953 1143 4002 luit.

128 4032 169 4080 20.
185 4031 239 4086 Ino.
251 4043 307 4077 cum
318 4027 443 4076 Melicerte
457 4027 506 4077 lilio
519 4044 562 4077 ruo
572 4027 598 4076 in
647 4030 690 4078 Est
704 4029 766 4085 eninr
781 4038 805 4078 et
819 4031 887 4086 ultio,
896 4027 945 4076 eive
957 4025 1062 4076 vindicte
1072 4025 1144 4092 juti-

100 4118 160 4154 nere
177 4121 205 4154 se
219 4102 382 4170 precipitem,
397 4118 412 4150 e
427 4102 542 4168 Neptuno
556 4117 598 4151 ex·
646 4102 880 4168 ticpemquaedsm.
907 4101 1003 4150 Mrcru.

99 4179 231 4244 neposne.
266 4176 380 4226 Bacchus
394 4191 463 4226 sunm
473 4175 539 4225 illurn
554 4193 598 4226 no·
680 4172 1144 4238 26.lnaedemaemeutis.]1ntheseuro

102 4254 180 4303 tricem
202 4253 357 4303 Leucotheam
373 4250 449 4302 voluit
471 4250 596 4316 adpellari,
648 4251 684 4301 eui
704 4249 819 4318 pectoris:
844 4250 889 4298 hoe
917 4259 962 4307 est,
980 4247 1056 4298 multo
1075 4253 1144 4296 unte·

747 4325 823 4372 ΗΜ
