3030 5108
304 300 370 368 12⁰
601 298 641 365 P.
665 295 828 364 0v1u11
852 297 1066 368 NASONIS

309 473 398 550 Non
416 495 546 548 curare
564 481 625 546 sat
640 483 712 548 est.
740 472 827 548 odio
844 471 911 570 qui
929 473 1012 549 finit
1029 497 1208 561 eruorem,
1294 507 1303 514 ·

358 589 438 664 Aut
452 597 565 677 amat,
584 599 651 664 aut
668 611 767 686 segre
784 588 934 664 desinet
950 613 1035 692 esse
1053 591 1180 668 miser.

307 703 447 804 Turpe,
462 705 518 780 vir
531 715 571 780 et
587 703 733 792 mulier,
742 702 866 801 juncti
881 703 1006 792 modo,
1023 705 1194 804 protinus
1207 707 1357 782 hostes:

359 820 396 894 N
399 846 449 896 on
466 821 550 896 illas
568 807 653 895 lites
671 819 818 918 Appias
837 819 921 918 ipsa
937 820 1085 919 probat.
1284 827 1360 898 660

311 936 423 1036 Saepe
441 959 524 1012 reas
542 935 698 1022 faciunt,
717 945 757 1010 et
774 947 914 1010 amant.
942 937 1009 1011 ubi
1025 938 1132 1012 nulla
1146 937 1321 1012 simultas

360 1051 511 1140 Incidit,
531 1052 726 1126 admonitu
744 1052 841 1128 liber
858 1054 1008 1128 aberrat
1025 1037 1142 1130 amor.

312 1168 424 1244 Forte
442 1171 594 1247 aderam
607 1170 761 1267 juveni:
790 1169 981 1244 dominam
999 1170 1137 1246 lectica
1153 1172 1330 1248 tenebat:

361 1285 577 1362 Horrebant
594 1289 703 1362 saevis
721 1287 847 1364 omnia
862 1288 978 1362 verba
994 1285 1118 1362 minis.

308 1401 474 1501 Jamque
490 1404 707 1490 vadaturus,
728 1401 881 1478 Lectica
897 1402 1078 1502 prodeat:
1107 1403 1243 1502 inquit.
1285 1407 1360 1480 666

362 1518 581 1594 Prodierat:
609 1519 691 1592 vise
709 1522 871 1619 conjuge
888 1531 1016 1594 mutus
1033 1531 1127 1596 erat.

309 1633 361 1710 Et
377 1646 581 1723 manus,·et
598 1634 771 1710 menibus
789 1635 962 1734 duplices
980 1635 1154 1710 cecidere
1171 1637 1345 1712 tabellae:

358 1749 474 1824 Venit
491 1749 529 1824 in
547 1750 766 1848 amplexus:
796 1760 912 1847 atque
929 1750 994 1837 ite,
1008 1750 1158 1838 ¹Vincis,
1178 1752 1243 1826 ait.

313 1864 465 1960 [Tutius
483 1875 554 1953 est,
575 1876 783 1964 aptumque
802 1868 935 1962 magis,
955 1867 1152 1942 discedere
1170 1892 1279 1967 pace,

367 1980 491 2066 Quam
511 1992 640 2080 petere
658 2005 682 2055 a
698 1982 873 2056 thalamis
891 1981 1055 2080 litigiosa
1071 1983 1181 2079 sora]
1231 2034 1233 2045 ι
1290 1989 1366 2062 670

318 2095 481 2174 Munere
498 2123 584 2196 quae
602 2098 765 2186 dederis,
784 2100 925 2174 babeat
941 2100 1023 2173 sine
1040 2099 1106 2174 lite
1119 2102 1277 2199 jubeto:

365 2213 462 2292 Esse
479 2215 602 2292 solent
619 2239 756 2312 magno
772 2216 912 2292 damna
929 2215 1075 2293 minora
1091 2218 1205 2294 bono.

345 2527 402 2576 660.
419 2528 525 2592 Appiae]
550 2529 633 2578 Venus
644 2527 696 2596 ipsa
705 2529 816 2596 genitrix,
866 2530 960 2582 videtur
986 2531 1151 2582 autumnitatem
1177 2532 1261 2600 lipsii.
1286 2534 1330 2586 lib.
1350 2539 1370 2592 i.

315 2602 385 2669 cujus
402 2603 518 2669 templum
535 2611 586 2653 erat
605 2605 630 2653 in
647 2604 696 2655 loro
714 2606 746 2656 C.
763 2605 816 2656 Ce-
866 2605 970 2655 Elector.
980 2621 1036 2672 cap.
1048 2607 1086 2655 19.

314 2677 387 2738 sarim
403 2676 437 2726 aic
446 2677 611 2742 cognominata
622 2679 653 2728 ab
664 2695 729 2745 aqua
736 2680 817 2746 Appia
899 2681 957 2729 667.
976 2681 1206 2748 baptimalibus]
1226 2686 1289 2743 Qua
1300 2687 1368 2736 vadi-

316 2749 498 2816 qunillicernt.
532 2749 622 2800 Anam
866 2753 939 2802 monii
958 2753 1083 2804 formulam
1100 2757 1262 2809 continebant.
1277 2761 1369 2812 videi.

348 2825 815 2892 66³.Fmeau0rarjomu.]1nvete-
865 2826 948 2876 Amet.
965 2829 1007 2877 xii.
1022 2830 1064 2878 2³.
1096 2830 1181 2897 Inepte
1198 2831 1322 2900 crispinus
1336 2852 1366 2886 ex

316 2897 646 2965 ribuafortcnderamjuueni.
664 2903 750 2952 Nino.
764 2904 816 2952 Imo
866 2901 963 2951 Merula
974 2919 1019 2952 sua
1029 2905 1080 2953 sine
1090 2903 1140 2954 ullo
1152 2905 1249 2957 delectu
1259 2909 1371 2960 moseri-

315 2975 409 3021 ndmam
417 2977 503 3036 jaceant
518 2989 573 3022 cum
587 2973 673 3037 Regio,
687 2975 816 3034 Puteanso,
866 2976 934 3032 bens,
948 2977 1078 3036 codicillos,
1089 2979 1177 3044 quibus
1190 2981 1245 3046 jura
1262 2984 1370 3036 contine·

316 3047 816 3112 unoearneiaetprimteditionemdernm,
866 3051 954 3100 bantur
970 3051 1146 3119 interpretatur.
1159 3056 1247 3105 vellem
1263 3057 1371 3110 addidis-

318 3117 504 3176 advocationem‚
526 3122 677 3185 praestabam.
699 3121 735 3171 ita
757 3122 817 3172 illud
868 3129 1202 3194 sentquajnraiutelligant.
1227 3131 1325 3184 Merula
1335 3145 1371 3186 ta-

318 3206 413 3256 quoqus
428 3191 619 3258 intelligendum,
639 3193 681 3244 lib.
699 3195 735 3245 iii.
754 3195 819 3246 Artis
868 3200 1244 3260 menadditntvideaturlorurn
1254 3208 1370 3276 tetigisse,

317 3266 374 3315 ⁶³1.
868 3279 1093 3343 acriptnntriurqne,
1103 3283 1213 3344 valjam.
1229 3281 1249 3330 ai
1260 3298 1307 3333 non
1318 3301 1371 3351 per-
1472 3323 1480 3336 .

352 3337 454 3387 Mam
466 3343 505 3389 det
518 3343 587 3400 nm,
594 3346 639 3405 jau
653 3346 693 3408 qni
706 3345 820 3410 profitobi·
868 3351 1159 3420 peram,interpretatione
1170 3365 1234 3406 certe
1243 3357 1302 3424 ipaia
1312 3361 1371 3411 Ovi·

384 3416 514 3469 tur-‚adata
869 3423 903 3472 dii
914 3426 992 3475 verbis
1001 3429 1142 3480 obscuriore.
1175 3431 1265 3483 Bunrr.

317 3487 373 3536 lluc
390 3495 482 3552 spectat
497 3487 565 3539 locut
582 3507 677 3556 quoqne
697 3493 738 3544 ille
755 3495 819 3560 apud
903 3501 959 3549 669.
978 3501 1061 3552 Tutius
1076 3515 1109 3554 eat
1129 3517 1252 3572 aptumque
1272 3511 1370 3576 magia]

319 3559 435 3618 Gellium,
449 3560 492 3612 lib.
507 3561 525 3611 i.
540 3579 593 3631 cap.
608 3565 666 3615 xxii.
683 3568 724 3617 ubi
734 3576 821 3635 pretor
870 3573 948 3624 Nemo
964 3576 1022 3626 mihi
1038 3581 1179 3643 persuaserit
1192 3581 1237 3633 boc
1250 3583 1371 3636 distichon

319 3634 497 3701 adimperiturn
510 3645 643 3702 patronum,
655 3641 696 3707 qni
710 3659 735 3693 ae
748 3661 821 3694 crate
870 3648 1183 3703 Nasonianavenelostum
1194 3671 1254 3706 esse.
1281 3659 1372 3710 Herus.

318 3727 429 3774 superstat
447 3710 553 3762 dbiaset
588 3713 625 3764 Tu
640 3719 719 3780 plana,
737 3723 819 3784 inquit,
903 3723 959 3772 671.
978 3725 1078 3774 Munera
1101 3745 1149 3790 quc
1168 3733 1269 3788 dedans,
1289 3735 1372 3784 babent

318 3801 417 3849 superet,
431 3803 477 3835 non
490 3789 611 3853 adeapro
624 3791 704 3840 lectica
720 3796 818 3851 tenebat,
869 3799 918 3846 ains
935 3799 984 3855 lite,
996 3801 1099 3865 jubeto]
1125 3803 1207 3852 Verba
1223 3806 1281 3855 artis
1298 3817 1370 3858 sunt:

319 3861 454 3913 Vaticanus
475 3877 545 3920 unua,
563 3867 659 3915 tenebas.
681 3881 728 3915 non
746 3867 821 3916 inele-
869 3869 976 3920 ricenim
987 3873 1179 3934 solebatdicere,
1190 3879 1231 3944 qui
1242 3879 1369 3931 divortium

319 3943 411 4004 gauter.
436 3937 525 3987 Hirrus.
547 3937 643 3990 Fersbnt
664 3941 711 3991 duo
730 3942 819 4008 scripti.
869 3944 987 3996 faciebat:
1007 3951 1087 4008 Aba,
1104 3953 1187 4009 valeat,
1206 3963 1258 4002 tuas
1276 3973 1312 4004 rea
1330 3959 1372 4008 itti

319 4013 379 4061 forte
395 4011 468 4062 etiarn
481 4015 577 4079 tegebat,
588 4023 615 4062 ut
627 4014 656 4065 de
667 4025 727 4064 tecto
739 4015 819 4067 lectica
869 4020 957 4071 babent.
974 4021 1070 4076 Mrcrn·

317 4101 373 4136 cum
384 4087 531 4138 Bemmarmo
546 4089 662 4155 capiatur.
673 4090 714 4156 qui
724 4099 819 4141 secutus
