3030 5108
287 399 532 468 TRISTIUM
555 399 646 466 LIB.
670 399 698 466 1.
724 343 860 470 enno.
883 402 953 471 111.
1084 403 1152 472 1⁶³

437 649 702 728 ELEGIA
743 653 819 730 111.

93 815 224 900 anrr
243 817 352 892 subit
369 817 471 892 iltius
489 818 706 894 tristissima
722 823 843 896 noctis
861 823 998 921 imago,

144 932 242 1019 Quae
260 933 356 1007 mihi
375 959 594 1032 supremum
612 947 763 1036 tempus
780 939 819 1012 in
836 940 929 1014 urbe
947 939 1040 1028 suit3

96 1046 226 1132 Quum
242 1059 380 1149 repeto
398 1060 561 1138 noctem,
581 1075 658 1149 qua
675 1063 732 1146 tot
749 1052 840 1126 mihi
859 1077 947 1128 cara
964 1054 1120 1152 reliqui3

147 1161 305 1240 Labitur
322 1189 375 1239 ex
393 1165 513 1240 oculis
531 1189 632 1241 nunc
651 1191 804 1266 quoque
822 1181 931 1265 gutta
947 1169 1055 1244 meis.

96 1276 185 1352 Jarn
202 1303 320 1380 prope
338 1281 408 1354 lux
427 1281 569 1369 aderat,
589 1305 667 1380 qua
683 1305 744 1358 me
762 1284 958 1359 discedere
977 1286 1108 1360 Caesar
1126 1292 1151 1362 5

149 1396 305 1472 Finibus
323 1407 505 1473 extremar
517 1400 692 1496 jusserat,
702 1399 893 1474 Ausoniae.

101 1511 184 1587 Nec
201 1537 321 1601 mene,
341 1538 414 1589 nec
430 1503 594 1614 spatium
611 1515 762 1590 fuerant
775 1515 866 1590 satis
880 1528 970 1615 apta
983 1517 1148 1616 paranti:

148 1628 388 1728 Torpuerant
404 1631 517 1728 longa
533 1642 689 1729 pectora
706 1619 834 1706 nostra
850 1656 965 1707 mora.

103 1744 189 1818 Non
205 1746 297 1819 mihi
315 1770 521 1834 servorum,
541 1747 691 1822 comitis
709 1773 786 1824 non
803 1771 895 1822 cura
911 1748 1062 1846 legendi
1078 1776 1087 1838 ;

152 1861 236 1937 Non
253 1873 356 1962 aptae
376 1863 534 1963 profugo
551 1864 668 1940 vestis
686 1864 815 1964 opisve
833 1864 915 1939 fuit.
1105 1869 1151 1938 10

105 1975 189 2050 Νοιι
204 1979 313 2053 aliter
330 1981 475 2078 stupui,
494 2003 609 2078 quam
627 1981 693 2078 qui
710 1977 734 2052 J
737 1981 816 2055 ovis
833 1981 983 2078 ignibus
1001 1981 1100 2056 ictus
1156 2039 1161 2050 .

151 2093 261 2183 Vivit,
281 2105 321 2170 et
336 2106 400 2170 est
415 2096 500 2170 vitae
518 2097 669 2172 nescius
687 2096 769 2196 ipse
788 2121 878 2172 suae.

106 2206 157 2283 Ut
171 2221 297 2285 tamen
314 2212 418 2285 hanc
436 2213 559 2286 animo
577 2213 718 2287 nubem
734 2212 841 2286 dolor
858 2213 940 2311 ipse
959 2212 1127 2300 removit,

151 2324 200 2398 Et
215 2327 374 2401 tandem
392 2350 525 2401 sensus
542 2329 764 2402 convaluere
782 2329 856 2402 mei
871 2356 895 2417 ;.

106 2438 295 2539 Adloquor
312 2452 528 2516 extremum
546 2431 700 2520 moestos
718 2443 888 2517 abiturus
906 2443 1060 2530 amicos,
1105 2447 1151 2516 15

152 2556 223 2643 Qui
240 2559 357 2633 modo
376 2559 427 2633 de
443 2561 572 2634 multis
590 2584 687 2635 unus
705 2573 744 2635 et
762 2561 856 2634 alter
873 2571 992 2633 erant.
1009 2597 1012 2610 ·

109 2670 208 2747 Uror
224 2699 358 2750 amans
377 2675 531 2749 flentem
548 2677 643 2750 flens
662 2677 785 2750 acrius
803 2675 886 2774 ipsa
902 2675 1067 2760 tenebat,

152 2786 275 2865 Imbre
293 2814 366 2889 per
384 2789 556 2887 indignas
576 2815 697 2890 usque
715 2791 875 2865 cadente
893 2814 1022 2887 genae.

135 3041 159 3089 r.
177 3005 320 3106 eima]
349 3041 500 3092 omarum
510 3041 601 3110 neapo,
686 3043 814 3092 raonem·
823 3042 1150 3106 amaneum]

107 3131 161 3176 qm
176 3131 237 3165 unna
246 3115 331 3172 etiem,
342 3117 412 3179 qaod.
651 3115 739 3166 Malim
755 3119 831 3165 animo
847 3124 874 3165 ut
892 3117 1030 3176 Paternum
1047 3115 1089 3164 lib.
1101 3116 1151 3166 viii.

135 3190 159 3237 8.
182 3189 222 3238 Tor
239 3191 297 3238 atha·
315 3189 395 3251 cara]
413 3187 526 3246 Patriam,
544 3205 602 3239 nro·
652 3193 714 3242 Met.
736 3192 793 3248 157,
815 3207 845 3240 ex
866 3190 971 3255 antiquie
990 3189 1150 3242 membranis:
1247 3201 1250 3210 ¹

107 3275 158 3319 rem.
180 3261 285 3322 domm
313 3262 415 3319 arnicor,
437 3263 529 3320 urbem,
556 3262 602 3312 &o
653 3266 833 3315 Decimam
846 3265 1151 3316 Mimsrhatomoremonero

107 3333 171 3384 Cror.
649 3343 768 3402 pedorem,
800 3339 891 3388 Herm.

19 3447 23 3468 ,
134 3409 349 3475 4.Ταποῃοᾳυε.]
370 3409 604 3475 NomqnopueRot·
688 3415 725 3462 14.
750 3413 783 3462 Et
801 3417 891 3463 tandm
916 3429 993 3462 mm
1016 3416 1151 3466 cervolum

107 3483 332 3550 tantopereeous.
367 3483 457 3534 Herm.
652 3487 720 3550 med]
738 3487 885 3536 SicCead.
898 3488 927 3536 B.
939 3487 970 3536 G.
995 3490 1151 3538 Animoreou·

136 3558 159 3604 7.
174 3559 261 3608 Fuerat
271 3563 393 3620 masapro
401 3553 603 3622 parandi.]'Fue-
652 3561 759 3610 ”dodone
769 3571 845 3610 nant.
877 3562 910 3610 Et
920 3561 1042 3626 eleganter
1052 3561 1150 3611 Sueten.

107 3641 155 3680 mr
165 3631 285 3697 eleganter
296 3630 425 3680 Barberin.
437 3634 533 3693 paranti
544 3631 603 3680 liber
652 3635 677 3684 in
687 3635 792 3698 August.
809 3636 911 3684 Annona
922 3637 1048 3684 convaluit.
1061 3637 1151 3685 Conon-

6 3733 7 3738 =
107 3703 165 3753 Petri
174 3706 266 3766 δεινὼ
281 3707 370 3769 p'orndr'
384 3721 427 3770 pro
443 3705 537 3756 diversa
550 3706 601 3756 loc·
653 3709 724 3756 luera
741 3707 1028 3776 Cepemnrresipiseere.
1062 3711 1134 3759 Mra.

107 3777 165 3829 tione
188 3780 349 3830 Combienna.
383 3777 539 3830 Richelianns
560 3799 603 3844 pn-
688 3782 727 3830 16.
746 3781 793 3835 Qui
805 3784 868 3830 modo
878 3785 905 3831 de
915 3783 1015 3845 mutate]
1035 3783 1100 3832 Inter
1109 3799 1150 3832 eos

106 3863 156 3902 mu
173 3872 215 3922 pro
229 3851 340 3922 peremi.
355 3853 421 3919 quod
437 3869 519 3904 verum
538 3866 604 3921 puto.
654 3857 729 3920 quiin
739 3855 851 3905 amicitia
861 3857 938 3906 officio
949 3865 1090 3914 munerant,
1101 3857 1149 3906 Cn-

5 3937 6 3954 ³
106 3927 188 3978 fluns.
652 3943 714 3988 nun,
725 3929 823 3980 Celrurn
834 3939 860 3979 et
869 3929 1004 3982 Maximum
1018 3941 1150 3988 enumeret,

133 4005 156 4053 9.
166 4004 264 4053 coum
274 4021 323 4052 non
334 4019 396 4052 coro
407 4003 518 4068 legenda]
529 4003 603 4051 cmi-
652 4003 695 4054 tib.
704 4004 739 4054 iii.
750 4005 819 4070 Eleg.
828 4023 852 4054 v.

106 4077 132 4125 tia
143 4077 269 4128 Brrberin.
286 4085 313 4126 et
329 4091 374 4142 pro
391 4074 484 4126 diversa
499 4077 601 4126 lectione
686 4084 724 4131 17.
734 4082 804 4160 Flere
814 4081 913 4144 aerina]
926 4081 965 4130 Ita
972 4079 1089 4144 conjunge
1098 4077 1150 4125 hnc

5 4195 6 4226 ᾗ
105 4150 415 4277 fffffflwtiw
427 4167 602 4217 empturo-
652 4153 789 4256 dnoverba.
820 4154 892 4203 Cror.
