2974 5100
346 375 415 444 878
641 373 682 440 Ρ.
706 371 869 440 0v11>11
893 373 1105 440 Nasutus

351 547 476 624 Altius
494 547 548 624 ira
564 548 682 624 libet?
707 547 740 626 si
758 559 797 624 te
814 548 996 624 distantia
1012 548 1124 645 longe

400 662 597 738 Pleiadum
616 663 771 740 laudent
789 663 909 761 signa,
928 663 1127 762 quidinde
1145 661 1273 738 ieras?

351 777 430 854 sed
447 802 573 876 neque
590 779 766 878 pervenio
783 779 933 879 seriptis
952 779 1206 854 mediocribus
1224 778 1338 864 istuc,

401 893 594 992 Famaque
613 919 700 972 eum
715 895 867 971 domiuo
885 895 984 993 sugit
1000 896 1050 970 ab
1068 895 1160 970 urbe
1178 919 1262 968 suo.

350 1009 518 1111 Vosque,
542 1013 679 1110 quibus
704 1011 810 1112 perii,
837 1023 928 1088 tunc
955 1036 1074 1110 quum
1099 1033 1187 1086 mea
1211 1009 1314 1084 fama
1335 1031 1396 1082 se-

502 1131 609 1227 pulta
626 1140 695 1216 est,
1352 1130 1399 1199 85

403 1243 514 1320 Nune
532 1270 684 1345 quoque
700 1247 750 1322 de
767 1256 897 1321 nostra
913 1259 1031 1321 morte
1049 1255 1175 1320 tacere
1194 1267 1290 1318 reor.

662 1774 993 1850 EPISTOLA
1028 1774 1097 1849 vl.

753 1967 1002 2036 GRAECINO.

357 2155 537 2241 Ecoum,
556 2163 598 2228 ut
614 2153 764 2242 audisti,
782 2179 870 2230 nam
890 2167 928 2230 te
946 2156 1094 2232 diversa
1109 2139 1267 2232 tenebat

405 2269 531 2356 Terra,
550 2293 654 2344 meos
671 2293 796 2357 casus,
815 2294 880 2345 cor
896 2272 965 2346 tibi
984 2271 1092 2346 triste
1110 2269 1206 2346 fuiti

357 2384 594 2474 Dissimules,
611 2395 835 2484 metuasque
852 2387 953 2476 lieet,
974 2388 1160 2476 Graeciue,
1180 2385 1310 2479 fateri3

407 2501 448 2576 Si
465 2502 561 2582 bene
578 2512 617 2576 te
635 2501 734 2590 novi,
753 2502 861 2578 triste
879 2503 995 2580 fuisse
1013 2504 1145 2603 liquet.
1479 2546 1480 2582 r

357 2617 394 2690 N
397 2641 445 2690 on
462 2618 564 2692 eadit
580 2617 617 2690 in
635 2640 758 2692 mores
776 2618 903 2694 feritas
921 2619 1133 2695 inamabilis
1151 2619 1266 2708 istos3
1371 2623 1393 2692 5
1479 2611 1480 2614 '

409 2733 492 2808 Nec
509 2733 631 2808 minus
650 2759 673 2808 a
689 2735 824 2809 studiis
841 2737 1002 2813 dissidet
1018 2737 1085 2810 illa
1100 2737 1189 2810 tuis.

360 2849 515 2924 Artibus
533 2850 716 2946 ingenuis,
736 2875 893 2947 quarum
912 2852 981 2926 tibi
999 2852 1166 2927 maxima
1182 2876 1275 2926 cura
1290 2860 1358 2937 est,

411 2966 573 3040 Pectora
590 2967 826 3054 mollescunt,
843 2969 1104 3069 asperitasque
1122 2967 1232 3066 fugit.

359 3181 569 3232 continentium
585 3182 716 3249 propiorem
735 3181 853 3241 dixerunt,
903 3200 959 3234 suos
980 3181 1116 3248 adloquitur
1136 3189 1215 3248 poen,
1235 3181 1279 3231 red
1306 3181 1398 3230 aniona

359 3255 456 3321 quidam
481 3255 566 3320 viginti
588 3255 680 3306 dierum
706 3256 855 3323 navigatione
904 3259 991 3324 Neque
1010 3257 1156 3307 illortarere
1175 3255 1207 3306 de
1220 3271 1247 3305 ae
1259 3255 1343 3320 jubet:
1359 3253 1397 3304 sed

359 3327 415 3378 inde
425 3329 855 3395 renovantquidametinmauinsn·
904 3333 978 3382 vereri
991 3348 1017 3382 re
1039 3331 1081 3388 ait,
1097 3347 1127 3381 ne
1141 3329 1167 3380 id
1182 3330 1281 3388 iaciant,
1297 3329 1396 3396 qundo-

360 3403 384 3452 la
394 3411 463 3460 estat,
473 3418 517 3452 uer
529 3404 606 3470 potius
616 3403 709 3454 initium
720 3406 783 3455 orbis
796 3407 855 3458 alte·
905 3405 1001 3473 quidem
1013 3402 1057 3455 boe
1067 3405 1164 3470 vulgare
1174 3419 1203 3453 aa
1215 3403 1298 3453 tritum
1305 3412 1349 3460 ert·
1356 3402 1398 3452 wi·

360 3476 417 3533 rius,
433 3475 608 3526 dubitaverunt.
640 3479 699 3528 Ena
712 3477 804 3530 videtur
818 3479 855 3528 in-
905 3479 969 3536 licet,
989 3487 1016 3528 ut
1038 3477 1142 3528 adversis
1163 3479 1236 3527 rebus
1259 3478 1398 3526 laborantem

360 3550 420 3606 roh,
439 3565 493 3615 qua
513 3549 583 3600 bodie
604 3551 685 3602 Zeitan
704 3561 747 3602 aut
765 3555 856 3620 Ceylon
904 3555 976 3605 adm
999 3553 1069 3604 amici
1086 3552 1206 3602 deterant.
1238 3553 1315 3602 Fama
1329 3551 1397 3607 anim,

360 3623 454 3674 dicitur.
487 3623 601 3674 Harum.
905 3627 991 3693 iuquit,
1002 3641 1056 3676 mea
1069 3642 1124 3676 crum
1135 3624 1232 3676 domino
1246 3643 1290 3676 suo
1306 3627 1336 3675 ab
1346 3625 1398 3674 urba

393 3699 433 3748 81.
449 3699 527 3748 Attiou
542 3701 575 3748 ira
592 3698 668 3763 tibet]
686 3699 769 3750 Plaeat
783 3700 855 3752 etiam
905 3701 975 3767 fugit,
987 3699 1114 3757 dvaabiit
1125 3699 1334 3765 eoqueedamvos
1343 3696 1397 3747 rmi-

361 3789 403 3840 ραι
416 3771 498 3824 altiora
514 3781 539 3822 et
551 3773 660 3824 caelestia
673 3773 738 3824 idem
748 3776 855 3841 probare.
906 3792 947 3826 cor
963 3777 1062 3828 arbiror
1071 3777 1122 3842 jam
1137 3773 1184 3824 mai
1198 3773 1277 3824 exsilii
1292 3789 1320 3823 aa
1333 3775 1396 3837 tage·

362 3849 441 3916 lang·
452 3849 571 3899 distantia.
603 3849 684 3914 Longe
694 3858 791 3910 remota,
802 3859 855 3902 tan·
906 3867 960 3916 qua
974 3849 1054 3900 mortis
1067 3849 1141 3899 instar
1155 3847 1215 3898 mibi
1231 3857 1277 3907 aa,
1292 3865 1338 3898 non
1353 3861 1398 3896 an·

362 3924 467 3990 quamin
478 3921 540 3972 eoelo
552 3921 698 3974 exsistentia.
758 3969 769 3992 ,
906 3924 969 3991 plius
979 3922 1120 3974 menium.
1266 3923 1276 3940 ⁹

394 4000 436 4050 85.
459 3998 524 4048 Tunc
544 4014 613 4062 quum
633 4013 682 4048 m
695 3999 775 4064 from,
797 3997 856 4061 &c.]

360 4073 428 4124 Tune
445 4087 518 4140 quum
539 4072 666 4123 damnatur
684 4073 732 4122 fui:
751 4087 780 4122 eo
794 4070 857 4120 enirn
940 4071 964 4121 7.
986 4072 1081 4122 Aniba·
1100 4071 1230 4138 ingenuit]
1257 4066 1397 4120 nuembu

361 4155 465 4214 tempore
485 4148 549 4198 tama
572 4163 625 4198 maa
645 4147 723 4214 periit.
767 4147 857 4210 voque,
907 4143 1046 4214 diteiplinis

361 4224 440 4283 quitur
448 4225 513 4286 perit.
547 4222 602 4272 Non
613 4223 726 4280 cumina,
735 4231 777 4272 aut
787 4220 857 4272 libros
