<?xml version="1.0" encoding="UTF-8"?>
<!DOCTYPE html PUBLIC "-//W3C//DTD XHTML 1.0 Transitional//EN"
    "http://www.w3.org/TR/xhtml1/DTD/xhtml1-transitional.dtd">
<html xmlns="http://www.w3.org/1999/xhtml" xml:lang="en" lang="en">
 <head>
  <title>
</title>
<meta http-equiv="Content-Type" content="text/html;charset=utf-8" />
  <meta name='ocr-system' content='tesseract 3.04.00' />
  <meta name='ocr-capabilities' content='ocr_page ocr_carea ocr_par ocr_line ocrx_word'/>
</head>
<body>
  <div class='ocr_page' id='page_1' title='image "./povidiinasoniso09burmgoog_0385.png"; bbox 0 0 2988 5116; ppageno 0'>
   <div class='ocr_carea' id='block_1_1' title="bbox 240 415 1137 486">
    <p class='ocr_par' dir='ltr' id='par_1_1' title="bbox 240 415 1137 486">
     <span class='ocr_line' id='line_1_1' title="bbox 240 415 1137 486; baseline -0.009 0"><span class='ocrx_word' id='word_1_1' title='bbox 240 421 310 486; x_wconf 79' lang='lat' dir='ltr'>Ex</span> <span class='ocrx_word' id='word_1_2' title='bbox 333 419 495 486; x_wconf 77' lang='lat' dir='ltr'>PONTO</span> <span class='ocrx_word' id='word_1_3' title='bbox 519 417 610 483; x_wconf 88' lang='lat' dir='ltr'><strong>LIB.</strong></span> <span class='ocrx_word' id='word_1_4' title='bbox 634 415 683 482; x_wconf 90' lang='lat' dir='ltr'>II.</span> <span class='ocrx_word' id='word_1_5' title='bbox 708 415 854 482; x_wconf 82' lang='lat' dir='ltr'><strong>EPIST.</strong></span> <span class='ocrx_word' id='word_1_6' title='bbox 875 415 979 483; x_wconf 85' lang='lat' dir='ltr'><strong>VIII.</strong></span> <span class='ocrx_word' id='word_1_7' title='bbox 1067 421 1137 485; x_wconf 68' lang='lat'>429.</span> 
     </span>
    </p>
   </div>
   <div class='ocr_carea' id='block_1_2' title="bbox 85 591 1141 2540">
    <p class='ocr_par' dir='ltr' id='par_1_2' title="bbox 85 591 1141 2540">
     <span class='ocr_line' id='line_1_2' title="bbox 85 591 945 691; baseline -0.005 -23"><span class='ocrx_word' id='word_1_8' title='bbox 85 593 236 670; x_wconf 85' lang='lat' dir='ltr'><strong>Felices</strong></span> <span class='ocrx_word' id='word_1_9' title='bbox 253 595 318 680; x_wconf 87' lang='lat' dir='ltr'>illi,</span> <span class='ocrx_word' id='word_1_10' title='bbox 338 593 497 691; x_wconf 87' lang='lat' dir='ltr'>quinon</span> <span class='ocrx_word' id='word_1_11' title='bbox 515 593 724 679; x_wconf 80' lang='lat' dir='ltr'>simulacro,</span> <span class='ocrx_word' id='word_1_12' title='bbox 744 592 811 665; x_wconf 92' lang='lat' dir='ltr'>sed</span> <span class='ocrx_word' id='word_1_13' title='bbox 829 591 945 689; x_wconf 85' lang='lat' dir='ltr'>ipsos,</span> 
     </span>
     <span class='ocr_line' id='line_1_3' title="bbox 139 706 1015 809; baseline -0.002 -25"><span class='ocrx_word' id='word_1_14' title='bbox 139 709 292 809; x_wconf 86' lang='lat' dir='ltr'>Quique</span> <span class='ocrx_word' id='word_1_15' title='bbox 312 709 436 784; x_wconf 74' lang='lat' dir='ltr'>Deum</span> <span class='ocrx_word' id='word_1_16' title='bbox 453 731 579 782; x_wconf 85' lang='lat' dir='ltr'>coram</span> <span class='ocrx_word' id='word_1_17' title='bbox 596 729 754 806; x_wconf 85' lang='lat' dir='ltr'>corpora</span> <span class='ocrx_word' id='word_1_18' title='bbox 770 730 858 781; x_wconf 84' lang='lat' dir='ltr'>vera</span> <span class='ocrx_word' id='word_1_19' title='bbox 872 706 1015 782; x_wconf 52' lang='lat' dir='ltr'>vident„</span> 
     </span>
     <span class='ocr_line' id='line_1_4' title="bbox 86 821 969 925; baseline -0.007 -25"><span class='ocrx_word' id='word_1_20' title='bbox 86 825 202 911; x_wconf 86' lang='lat' dir='ltr'>Quod</span> <span class='ocrx_word' id='word_1_21' title='bbox 220 825 398 925; x_wconf 84' lang='lat' dir='ltr'>quonium</span> <span class='ocrx_word' id='word_1_22' title='bbox 415 825 524 900; x_wconf 88' lang='lat' dir='ltr'>nobis</span> <span class='ocrx_word' id='word_1_23' title='bbox 541 823 672 897; x_wconf 88' lang='lat' dir='ltr'>invidit</span> <span class='ocrx_word' id='word_1_24' title='bbox 689 821 821 896; x_wconf 90' lang='lat' dir='ltr'>inutile</span> <span class='ocrx_word' id='word_1_25' title='bbox 838 821 969 909; x_wconf 83' lang='lat' dir='ltr'>fatum,</span> 
     </span>
     <span class='ocr_line' id='line_1_5' title="bbox 140 938 1141 1036; baseline -0.002 -22"><span class='ocrx_word' id='word_1_26' title='bbox 140 940 247 1026; x_wconf 87' lang='lat' dir='ltr'>Quos</span> <span class='ocrx_word' id='word_1_27' title='bbox 265 941 372 1016; x_wconf 87' lang='lat' dir='ltr'>dedit</span> <span class='ocrx_word' id='word_1_28' title='bbox 390 964 449 1015; x_wconf 83' lang='lat' dir='ltr'>ars</span> <span class='ocrx_word' id='word_1_29' title='bbox 467 939 575 1026; x_wconf 75' lang='lat' dir='ltr'>rotie,</span> <span class='ocrx_word' id='word_1_30' title='bbox 595 938 833 1036; x_wconf 86' lang='lat' dir='ltr'>effigiemque</span> <span class='ocrx_word' id='word_1_31' title='bbox 850 939 946 1012; x_wconf 88' lang='lat' dir='ltr'>colo.</span> <span class='ocrx_word' id='word_1_32' title='bbox 1085 943 1141 1014; x_wconf 88' lang='grc'>60</span> 
     </span>
     <span class='ocr_line' id='line_1_6' title="bbox 89 1054 1035 1151; baseline -0.003 -21"><span class='ocrx_word' id='word_1_33' title='bbox 89 1057 156 1131; x_wconf 92' lang='lat' dir='ltr'>Sic</span> <span class='ocrx_word' id='word_1_34' title='bbox 175 1058 346 1132; x_wconf 85' lang='lat' dir='ltr'>homines</span> <span class='ocrx_word' id='word_1_35' title='bbox 365 1079 499 1131; x_wconf 86' lang='lat' dir='ltr'>novere</span> <span class='ocrx_word' id='word_1_36' title='bbox 517 1055 631 1141; x_wconf 71' lang='lat' dir='ltr'>DeoS,</span> <span class='ocrx_word' id='word_1_37' title='bbox 651 1077 746 1151; x_wconf 91' lang='lat' dir='ltr'>quos</span> <span class='ocrx_word' id='word_1_38' title='bbox 765 1054 901 1128; x_wconf 77' lang='lat' dir='ltr'>arduno</span> <span class='ocrx_word' id='word_1_39' title='bbox 919 1054 1035 1129; x_wconf 84' lang='lat' dir='ltr'>aether</span> 
     </span>
     <span class='ocr_line' id='line_1_7' title="bbox 141 1168 998 1269; baseline -0.001 -23"><span class='ocrx_word' id='word_1_40' title='bbox 141 1172 319 1248; x_wconf 90' lang='lat' dir='ltr'>Occulit:</span> <span class='ocrx_word' id='word_1_41' title='bbox 348 1183 387 1246; x_wconf 90' lang='lat' dir='ltr'>et</span> <span class='ocrx_word' id='word_1_42' title='bbox 403 1172 537 1246; x_wconf 90' lang='lat' dir='ltr'>colitur</span> <span class='ocrx_word' id='word_1_43' title='bbox 554 1195 622 1269; x_wconf 93' lang='lat' dir='ltr'>pro</span> <span class='ocrx_word' id='word_1_44' title='bbox 636 1169 729 1245; x_wconf 83' lang='lat' dir='ltr'>Jove</span> <span class='ocrx_word' id='word_1_45' title='bbox 747 1171 865 1245; x_wconf 86' lang='lat' dir='ltr'>sorma</span> <span class='ocrx_word' id='word_1_46' title='bbox 880 1168 904 1243; x_wconf 89' lang='lat' dir='ltr'>J</span> <span class='ocrx_word' id='word_1_47' title='bbox 907 1170 998 1245; x_wconf 85' lang='lat' dir='ltr'>ovis.</span> 
     </span>
     <span class='ocr_line' id='line_1_8' title="bbox 89 1286 1132 1387; baseline -0.001 -25"><span class='ocrx_word' id='word_1_48' title='bbox 89 1289 282 1387; x_wconf 88' lang='lat' dir='ltr'>Denique,</span> <span class='ocrx_word' id='word_1_49' title='bbox 298 1313 384 1387; x_wconf 83' lang='lat' dir='ltr'>quae</span> <span class='ocrx_word' id='word_1_50' title='bbox 402 1313 549 1364; x_wconf 90' lang='lat' dir='ltr'>mecum</span> <span class='ocrx_word' id='word_1_51' title='bbox 568 1298 639 1374; x_wconf 90' lang='lat' dir='ltr'>est,</span> <span class='ocrx_word' id='word_1_52' title='bbox 651 1298 690 1362; x_wconf 89' lang='lat' dir='ltr'>et</span> <span class='ocrx_word' id='word_1_53' title='bbox 707 1286 778 1362; x_wconf 88' lang='lat' dir='ltr'>erit</span> <span class='ocrx_word' id='word_1_54' title='bbox 795 1287 877 1360; x_wconf 83' lang='lat' dir='ltr'>sine</span> <span class='ocrx_word' id='word_1_55' title='bbox 889 1286 976 1374; x_wconf 90' lang='lat' dir='ltr'>fine,</span> <span class='ocrx_word' id='word_1_56' title='bbox 988 1297 1132 1374; x_wconf 85' lang='lat' dir='ltr'>cavete,</span> 
     </span>
     <span class='ocr_line' id='line_1_9' title="bbox 141 1402 849 1500; baseline -0.004 -21"><span class='ocrx_word' id='word_1_57' title='bbox 141 1404 203 1479; x_wconf 90' lang='lat' dir='ltr'>Ne</span> <span class='ocrx_word' id='word_1_58' title='bbox 222 1403 272 1478; x_wconf 89' lang='lat' dir='ltr'>sit</span> <span class='ocrx_word' id='word_1_59' title='bbox 288 1404 326 1477; x_wconf 94' lang='lat' dir='ltr'>in</span> <span class='ocrx_word' id='word_1_60' title='bbox 345 1405 464 1478; x_wconf 88' lang='lat' dir='ltr'>inviso</span> <span class='ocrx_word' id='word_1_61' title='bbox 478 1413 603 1478; x_wconf 84' lang='lat' dir='ltr'>vestra</span> <span class='ocrx_word' id='word_1_62' title='bbox 618 1402 738 1500; x_wconf 82' lang='lat' dir='ltr'>figura</span> <span class='ocrx_word' id='word_1_63' title='bbox 754 1403 849 1477; x_wconf 86' lang='lat' dir='ltr'>loco.</span> 
     </span>
     <span class='ocr_line' id='line_1_10' title="bbox 90 1518 1133 1618; baseline 0 -24"><span class='ocrx_word' id='word_1_64' title='bbox 90 1519 193 1594; x_wconf 86' lang='lat' dir='ltr'>Nam</span> <span class='ocrx_word' id='word_1_65' title='bbox 211 1530 327 1618; x_wconf 84' lang='lat' dir='ltr'>caput</span> <span class='ocrx_word' id='word_1_66' title='bbox 344 1545 365 1594; x_wconf 93' lang='lat' dir='ltr'>e</span> <span class='ocrx_word' id='word_1_67' title='bbox 383 1530 512 1594; x_wconf 82' lang='lat' dir='ltr'>nostra</span> <span class='ocrx_word' id='word_1_68' title='bbox 527 1518 638 1592; x_wconf 88' lang='lat' dir='ltr'>citius</span> <span class='ocrx_word' id='word_1_69' title='bbox 657 1518 803 1592; x_wconf 89' lang='lat' dir='ltr'>cervice</span> <span class='ocrx_word' id='word_1_70' title='bbox 820 1518 983 1604; x_wconf 85' lang='lat' dir='ltr'>recedet,</span> <span class='ocrx_word' id='word_1_71' title='bbox 1083 1522 1133 1594; x_wconf 88' lang='lat'>65</span> 
     </span>
     <span class='ocr_line' id='line_1_11' title="bbox 141 1618 1016 1734; baseline -0.003 -26"><span class='ocrx_word' id='word_1_72' title='bbox 141 1634 193 1708; x_wconf 89' lang='lat' dir='ltr'>Et</span> <span class='ocrx_word' id='word_1_73' title='bbox 210 1634 330 1734; x_wconf 82' lang='lat' dir='ltr'>patiar</span> <span class='ocrx_word' id='word_1_74' title='bbox 347 1633 457 1708; x_wconf 82' lang='lat' dir='ltr'>fossis</span> <span class='ocrx_word' id='word_1_75' title='bbox 474 1635 603 1708; x_wconf 87' lang='lat' dir='ltr'>lumen</span> <span class='ocrx_word' id='word_1_76' title='bbox 621 1632 723 1707; x_wconf 84' lang='lat' dir='ltr'>abire</span> <span class='ocrx_word' id='word_1_77' title='bbox 741 1632 859 1730; x_wconf 85' lang='lat' dir='ltr'>genis,</span> <span class='ocrx_word' id='word_1_78' title='bbox 1010 1618 1016 1629; x_wconf 52' lang='lat'>⁶</span> 
     </span>
     <span class='ocr_line' id='line_1_12' title="bbox 89 1747 1068 1850; baseline -0.004 -26"><span class='ocrx_word' id='word_1_79' title='bbox 89 1749 215 1836; x_wconf 85' lang='lat' dir='ltr'>Quam</span> <span class='ocrx_word' id='word_1_80' title='bbox 232 1774 382 1825; x_wconf 86' lang='lat' dir='ltr'>caream</span> <span class='ocrx_word' id='word_1_81' title='bbox 400 1750 529 1850; x_wconf 87' lang='lat' dir='ltr'><strong>raptis,</strong></span> <span class='ocrx_word' id='word_1_82' title='bbox 548 1774 571 1823; x_wconf 94' lang='lat' dir='ltr'>o</span> <span class='ocrx_word' id='word_1_83' title='bbox 589 1749 741 1848; x_wconf 84' lang='lat' dir='ltr'>publice</span> <span class='ocrx_word' id='word_1_84' title='bbox 757 1748 922 1835; x_wconf 81' lang='lat' dir='ltr'>numine,</span> <span class='ocrx_word' id='word_1_85' title='bbox 940 1747 1068 1832; x_wconf 63' lang='lat' dir='ltr'>vobim</span> 
     </span>
     <span class='ocr_line' id='line_1_13' title="bbox 139 1864 930 1966; baseline -0.003 -27"><span class='ocrx_word' id='word_1_86' title='bbox 139 1867 220 1942; x_wconf 85' lang='lat' dir='ltr'>Vos</span> <span class='ocrx_word' id='word_1_87' title='bbox 237 1867 341 1942; x_wconf 86' lang='lat' dir='ltr'>eritis</span> <span class='ocrx_word' id='word_1_88' title='bbox 359 1877 497 1941; x_wconf 83' lang='lat' dir='ltr'>nostroe</span> <span class='ocrx_word' id='word_1_89' title='bbox 515 1877 644 1966; x_wconf 88' lang='lat' dir='ltr'>portus</span> <span class='ocrx_word' id='word_1_90' title='bbox 663 1876 702 1940; x_wconf 83' lang='lat' dir='ltr'>et</span> <span class='ocrx_word' id='word_1_91' title='bbox 719 1888 783 1938; x_wconf 83' lang='lat' dir='ltr'>ara</span> <span class='ocrx_word' id='word_1_92' title='bbox 799 1864 930 1961; x_wconf 53' lang='lat' dir='ltr'>fugaee</span> 
     </span>
     <span class='ocr_line' id='line_1_14' title="bbox 88 1978 1092 2082; baseline -0.003 -27"><span class='ocrx_word' id='word_1_93' title='bbox 88 1982 169 2057; x_wconf 86' lang='lat' dir='ltr'>Vos</span> <span class='ocrx_word' id='word_1_94' title='bbox 188 2007 258 2080; x_wconf 86' lang='lat' dir='ltr'>ego</span> <span class='ocrx_word' id='word_1_95' title='bbox 275 1985 516 2082; x_wconf 84' lang='lat' dir='ltr'>complectar,</span> <span class='ocrx_word' id='word_1_96' title='bbox 537 1981 681 2056; x_wconf 85' lang='lat' dir='ltr'>Getieis</span> <span class='ocrx_word' id='word_1_97' title='bbox 700 1980 731 2054; x_wconf 91' lang='lat' dir='ltr'>si</span> <span class='ocrx_word' id='word_1_98' title='bbox 749 1980 878 2077; x_wconf 87' lang='lat' dir='ltr'>cingar</span> <span class='ocrx_word' id='word_1_99' title='bbox 893 1979 940 2054; x_wconf 86' lang='lat' dir='ltr'>ab</span> <span class='ocrx_word' id='word_1_100' title='bbox 959 1978 1092 2068; x_wconf 84' lang='lat' dir='ltr'>armis;</span> 
     </span>
     <span class='ocr_line' id='line_1_15' title="bbox 138 2097 1134 2197; baseline -0.003 -25"><span class='ocrx_word' id='word_1_101' title='bbox 138 2099 295 2197; x_wconf 89' lang='lat' dir='ltr'>Vosque</span> <span class='ocrx_word' id='word_1_102' title='bbox 313 2122 417 2174; x_wconf 86' lang='lat' dir='ltr'>meos</span> <span class='ocrx_word' id='word_1_103' title='bbox 430 2099 588 2196; x_wconf 83' lang='lat' dir='ltr'>aquilas,</span> <span class='ocrx_word' id='word_1_104' title='bbox 599 2122 666 2173; x_wconf 85' lang='lat' dir='ltr'>vos</span> <span class='ocrx_word' id='word_1_105' title='bbox 682 2121 767 2172; x_wconf 84' lang='lat' dir='ltr'>mea</span> <span class='ocrx_word' id='word_1_106' title='bbox 784 2097 891 2194; x_wconf 85' lang='lat' dir='ltr'>signa</span> <span class='ocrx_word' id='word_1_107' title='bbox 908 2120 1056 2194; x_wconf 85' lang='lat' dir='ltr'>sequar.</span> <span class='ocrx_word' id='word_1_108' title='bbox 1085 2101 1134 2170; x_wconf 88' lang='lat'>70</span> 
     </span>
     <span class='ocr_line' id='line_1_16' title="bbox 90 2213 1002 2313; baseline -0.001 -27"><span class='ocrx_word' id='word_1_109' title='bbox 90 2213 169 2288; x_wconf 88' lang='lat' dir='ltr'>Aut</span> <span class='ocrx_word' id='word_1_110' title='bbox 185 2239 258 2312; x_wconf 86' lang='lat' dir='ltr'>ego</span> <span class='ocrx_word' id='word_1_111' title='bbox 276 2239 336 2290; x_wconf 97' lang='lat' dir='ltr'>me</span> <span class='ocrx_word' id='word_1_112' title='bbox 354 2215 453 2302; x_wconf 86' lang='lat' dir='ltr'>fallo,</span> <span class='ocrx_word' id='word_1_113' title='bbox 473 2215 663 2312; x_wconf 84' lang='lat' dir='ltr'>nimiaque</span> <span class='ocrx_word' id='word_1_114' title='bbox 680 2213 856 2313; x_wconf 91' lang='lat' dir='ltr'>cupidine</span> <span class='ocrx_word' id='word_1_115' title='bbox 873 2213 1002 2300; x_wconf 92' lang='lat' dir='ltr'>ludor;</span> 
     </span>
     <span class='ocr_line' id='line_1_17' title="bbox 140 2329 887 2431; baseline -0.003 -27"><span class='ocrx_word' id='word_1_116' title='bbox 140 2329 221 2404; x_wconf 88' lang='lat' dir='ltr'>Aut</span> <span class='ocrx_word' id='word_1_117' title='bbox 238 2355 327 2431; x_wconf 85' lang='lat' dir='ltr'>spes</span> <span class='ocrx_word' id='word_1_118' title='bbox 345 2331 466 2406; x_wconf 84' lang='lat' dir='ltr'>exsilii</span> <span class='ocrx_word' id='word_1_119' title='bbox 484 2331 748 2405; x_wconf 86' lang='lat' dir='ltr'>commodioris</span> <span class='ocrx_word' id='word_1_120' title='bbox 766 2330 887 2403; x_wconf 82' lang='lat' dir='ltr'>adest.</span> 
     </span>
     <span class='ocr_line' id='line_1_18' title="bbox 91 2442 1131 2540; baseline -0.004 -20"><span class='ocrx_word' id='word_1_121' title='bbox 91 2445 128 2520; x_wconf 91' lang='lat' dir='ltr'>N</span> <span class='ocrx_word' id='word_1_122' title='bbox 130 2471 192 2520; x_wconf 84' lang='lat' dir='ltr'>am</span> <span class='ocrx_word' id='word_1_123' title='bbox 210 2446 334 2522; x_wconf 88' lang='lat' dir='ltr'>minus</span> <span class='ocrx_word' id='word_1_124' title='bbox 352 2457 391 2521; x_wconf 88' lang='lat' dir='ltr'>et</span> <span class='ocrx_word' id='word_1_125' title='bbox 407 2445 531 2521; x_wconf 85' lang='lat' dir='ltr'>minus</span> <span class='ocrx_word' id='word_1_126' title='bbox 549 2457 609 2522; x_wconf 86' lang='lat' dir='ltr'>est</span> <span class='ocrx_word' id='word_1_127' title='bbox 624 2445 740 2520; x_wconf 85' lang='lat' dir='ltr'>facies</span> <span class='ocrx_word' id='word_1_128' title='bbox 758 2445 796 2518; x_wconf 90' lang='lat' dir='ltr'>in</span> <span class='ocrx_word' id='word_1_129' title='bbox 813 2444 976 2540; x_wconf 80' lang='lat' dir='ltr'>imagine</span> <span class='ocrx_word' id='word_1_130' title='bbox 993 2442 1131 2531; x_wconf 80' lang='lat' dir='ltr'>tristis3</span> 
     </span>
    </p>
   </div>
   <div class='ocr_carea' id='block_1_3' title="bbox 90 2560 1133 2895">
    <p class='ocr_par' dir='ltr' id='par_1_3' title="bbox 90 2560 1133 2895">
     <span class='ocr_line' id='line_1_19' title="bbox 139 2560 933 2659; baseline -0.003 -25"><span class='ocrx_word' id='word_1_131' title='bbox 139 2561 310 2659; x_wconf 82' lang='lat' dir='ltr'>Visaque</span> <span class='ocrx_word' id='word_1_132' title='bbox 328 2573 417 2636; x_wconf 86' lang='lat' dir='ltr'>sunt</span> <span class='ocrx_word' id='word_1_133' title='bbox 432 2562 544 2636; x_wconf 89' lang='lat' dir='ltr'>dictis</span> <span class='ocrx_word' id='word_1_134' title='bbox 563 2563 728 2636; x_wconf 83' lang='lat' dir='ltr'>adnuere</span> <span class='ocrx_word' id='word_1_135' title='bbox 745 2584 810 2635; x_wconf 85' lang='lat' dir='ltr'>ora</span> <span class='ocrx_word' id='word_1_136' title='bbox 826 2560 933 2634; x_wconf 80' lang='lat' dir='ltr'>meis,</span> 
     </span>
     <span class='ocr_line' id='line_1_20' title="bbox 90 2674 1133 2776; baseline -0.004 -25"><span class='ocrx_word' id='word_1_137' title='bbox 90 2677 202 2766; x_wconf 82' lang='lat' dir='ltr'>Vera,</span> <span class='ocrx_word' id='word_1_138' title='bbox 222 2701 368 2776; x_wconf 86' lang='lat' dir='ltr'>precor,</span> <span class='ocrx_word' id='word_1_139' title='bbox 386 2677 479 2752; x_wconf 85' lang='lat' dir='ltr'>fiant</span> <span class='ocrx_word' id='word_1_140' title='bbox 495 2677 635 2752; x_wconf 84' lang='lat' dir='ltr'>timidae</span> <span class='ocrx_word' id='word_1_141' title='bbox 652 2677 836 2776; x_wconf 68' lang='lat' dir='ltr'>presagia</span> <span class='ocrx_word' id='word_1_142' title='bbox 857 2674 1016 2763; x_wconf 89' lang='lat' dir='ltr'>mentis;</span> <span class='ocrx_word' id='word_1_143' title='bbox 1086 2679 1133 2748; x_wconf 88' lang='grc'>75</span> 
     </span>
     <span class='ocr_line' id='line_1_21' title="bbox 141 2790 983 2895; baseline -0.005 -27"><span class='ocrx_word' id='word_1_144' title='bbox 141 2793 165 2868; x_wconf 90' lang='lat' dir='ltr'>J</span> <span class='ocrx_word' id='word_1_145' title='bbox 169 2803 331 2892; x_wconf 78' lang='lat' dir='ltr'>ustoque</span> <span class='ocrx_word' id='word_1_146' title='bbox 348 2795 520 2895; x_wconf 81' lang='lat' dir='ltr'>quamvis</span> <span class='ocrx_word' id='word_1_147' title='bbox 538 2806 608 2883; x_wconf 86' lang='lat' dir='ltr'>est,</span> <span class='ocrx_word' id='word_1_148' title='bbox 625 2796 675 2869; x_wconf 86' lang='lat' dir='ltr'>sit</span> <span class='ocrx_word' id='word_1_149' title='bbox 692 2793 811 2868; x_wconf 91' lang='lat' dir='ltr'>minor</span> <span class='ocrx_word' id='word_1_150' title='bbox 827 2791 883 2866; x_wconf 83' lang='lat' dir='ltr'>ira</span> <span class='ocrx_word' id='word_1_151' title='bbox 897 2790 983 2866; x_wconf 91' lang='lat' dir='ltr'>Dei.</span> 
     </span>
    </p>
   </div>
   <div class='ocr_carea' id='block_1_4' title="bbox 87 3005 1137 3890">
    <p class='ocr_par' dir='ltr' id='par_1_4' title="bbox 87 3005 1137 3890">
     <span class='ocr_line' id='line_1_22' title="bbox 87 3005 1129 3077; baseline -0.007 -17"><span class='ocrx_word' id='word_1_152' title='bbox 87 3018 182 3060; x_wconf 68' lang='lat' dir='ltr'>tautum</span> <span class='ocrx_word' id='word_1_153' title='bbox 191 3025 318 3077; x_wconf 60' lang='lat' dir='ltr'>exuram</span> <span class='ocrx_word' id='word_1_154' title='bbox 334 3009 415 3060; x_wconf 79' lang='lat' dir='ltr'>ethoc</span> <span class='ocrx_word' id='word_1_155' title='bbox 427 3018 533 3077; x_wconf 73' lang='lat' dir='ltr'>spectare</span> <span class='ocrx_word' id='word_1_156' title='bbox 547 3027 590 3060; x_wconf 86' lang='lat' dir='ltr'>no·</span> <span class='ocrx_word' id='word_1_157' title='bbox 643 3010 817 3076; x_wconf 76' lang='lat' dir='ltr'>Venrafignra.</span> <span class='ocrx_word' id='word_1_158' title='bbox 850 3008 961 3056; x_wconf 72' lang='lat' dir='ltr'>Vestrum</span> <span class='ocrx_word' id='word_1_159' title='bbox 970 3005 1129 3056; x_wconf 76' lang='lat' dir='ltr'>rimulncrum.</span> 
     </span>
     <span class='ocr_line' id='line_1_23' title="bbox 88 3078 1136 3151; baseline -0.002 -19"><span class='ocrx_word' id='word_1_160' title='bbox 88 3085 127 3133; x_wconf 75' lang='lat' dir='ltr'>bis</span> <span class='ocrx_word' id='word_1_161' title='bbox 147 3084 229 3151; x_wconf 70' lang='lat' dir='ltr'>prosit,</span> <span class='ocrx_word' id='word_1_162' title='bbox 246 3084 447 3150; x_wconf 64' lang='lat' dir='ltr'>quemadmodum</span> <span class='ocrx_word' id='word_1_163' title='bbox 465 3085 590 3151; x_wconf 70' lang='lat' dir='ltr'>gladiatori</span> <span class='ocrx_word' id='word_1_164' title='bbox 670 3078 1030 3134; x_wconf 76' lang='lat' dir='ltr'>66.h.e.oeu1oeminieffodi.</span> <span class='ocrx_word' id='word_1_165' title='bbox 1050 3079 1136 3130; x_wconf 68' lang='lat' dir='ltr'>Hiar..</span> 
     </span>
     <span class='ocr_line' id='line_1_24' title="bbox 88 3153 1137 3228; baseline -0.004 -20"><span class='ocrx_word' id='word_1_166' title='bbox 88 3157 276 3224; x_wconf 70' lang='lat' dir='ltr'>profuitvidine</span> <span class='ocrx_word' id='word_1_167' title='bbox 291 3158 317 3208; x_wconf 87' lang='lat' dir='ltr'>in</span> <span class='ocrx_word' id='word_1_168' title='bbox 332 3175 404 3209; x_wconf 72' lang='lat' dir='ltr'>arent</span> <span class='ocrx_word' id='word_1_169' title='bbox 420 3160 539 3210; x_wconf 69' lang='lat' dir='ltr'>emm</span> <span class='ocrx_word' id='word_1_170' title='bbox 553 3161 589 3228; x_wconf 82' lang='lat' dir='ltr'>ip-</span> <span class='ocrx_word' id='word_1_171' title='bbox 671 3159 712 3207; x_wconf 82' lang='grc'>68.</span> <span class='ocrx_word' id='word_1_172' title='bbox 729 3158 813 3205; x_wconf 74' lang='lat' dir='ltr'>Pmuc</span> <span class='ocrx_word' id='word_1_173' title='bbox 823 3163 845 3203; x_wconf 76' lang='lat' dir='ltr'>et</span> <span class='ocrx_word' id='word_1_174' title='bbox 856 3153 936 3217; x_wconf 72' lang='lat' dir='ltr'>auro]</span> <span class='ocrx_word' id='word_1_175' title='bbox 955 3153 1137 3204; x_wconf 76' lang='lat' dir='ltr'>Sduretinvor.</span> 
     </span>
     <span class='ocr_line' id='line_1_25' title="bbox 88 3228 1134 3298; baseline -0.008 -16"><span class='ocrx_word' id='word_1_176' title='bbox 88 3241 301 3298; x_wconf 69' lang='lat' dir='ltr'>mprorcntom.</span> <span class='ocrx_word' id='word_1_177' title='bbox 672 3233 712 3280; x_wconf 80' lang='lat'>70.</span> <span class='ocrx_word' id='word_1_178' title='bbox 743 3231 774 3279; x_wconf 72' lang='lat' dir='ltr'>Ue</span> <span class='ocrx_word' id='word_1_179' title='bbox 794 3246 853 3278; x_wconf 76' lang='lat' dir='ltr'>mm</span> <span class='ocrx_word' id='word_1_180' title='bbox 873 3228 982 3292; x_wconf 61' lang='lat' dir='ltr'>aquila]</span> <span class='ocrx_word' id='word_1_181' title='bbox 1010 3228 1134 3292; x_wconf 74' lang='lat' dir='ltr'>Tanquam</span> 
     </span>
     <span class='ocr_line' id='line_1_26' title="bbox 120 3301 1137 3373; baseline -0.005 -18"><span class='ocrx_word' id='word_1_182' title='bbox 120 3307 162 3355; x_wconf 74' lang='lat'>⁵9.</span> <span class='ocrx_word' id='word_1_183' title='bbox 179 3304 290 3370; x_wconf 52' lang='lat' dir='ltr'>Indu]</span> <span class='ocrx_word' id='word_1_184' title='bbox 309 3305 590 3373; x_wconf 62' lang='lat' dir='ltr'>homniumpeotife·</span> <span class='ocrx_word' id='word_1_185' title='bbox 639 3321 692 3356; x_wconf 78' lang='lat' dir='ltr'>rnen</span> <span class='ocrx_word' id='word_1_186' title='bbox 712 3304 801 3355; x_wconf 74' lang='lat' dir='ltr'>vexillo</span> <span class='ocrx_word' id='word_1_187' title='bbox 827 3303 944 3360; x_wconf 67' lang='lat' dir='ltr'>Rom</span> <span class='ocrx_word' id='word_1_188' title='bbox 964 3318 1018 3368; x_wconf 67' lang='lat' dir='ltr'>qun</span> <span class='ocrx_word' id='word_1_189' title='bbox 1044 3301 1137 3367; x_wconf 73' lang='lat' dir='ltr'>equilus</span> 
     </span>
     <span class='ocr_line' id='line_1_27' title="bbox 89 3377 1136 3448; baseline -0.002 -21"><span class='ocrx_word' id='word_1_190' title='bbox 89 3395 158 3441; x_wconf 84' lang='lat' dir='ltr'>rum;</span> <span class='ocrx_word' id='word_1_191' title='bbox 170 3379 223 3444; x_wconf 72' lang='lat' dir='ltr'>jum</span> <span class='ocrx_word' id='word_1_192' title='bbox 233 3389 316 3430; x_wconf 87' lang='lat' dir='ltr'>notum</span> <span class='ocrx_word' id='word_1_193' title='bbox 326 3389 370 3430; x_wconf 72' lang='lat' dir='ltr'>ut.</span> <span class='ocrx_word' id='word_1_194' title='bbox 402 3382 516 3430; x_wconf 67' lang='lat' dir='ltr'>Honori.</span> <span class='ocrx_word' id='word_1_195' title='bbox 639 3379 853 3448; x_wconf 72' lang='lat' dir='ltr'>pimmhnbebnnt.</span> <span class='ocrx_word' id='word_1_196' title='bbox 873 3377 1136 3444; x_wconf 71' lang='lat' dir='ltr'>Legedlombdlex.</span> 
     </span>
     <span class='ocr_line' id='line_1_28' title="bbox 121 3453 1137 3520; baseline 0 -18"><span class='ocrx_word' id='word_1_197' title='bbox 121 3455 162 3502; x_wconf 61' lang='lat' dir='ltr'>dli</span> <span class='ocrx_word' id='word_1_198' title='bbox 179 3453 219 3503; x_wconf 74' lang='lat' dir='ltr'>Sic</span> <span class='ocrx_word' id='word_1_199' title='bbox 234 3456 332 3504; x_wconf 70' lang='lat' dir='ltr'>nomem</span> <span class='ocrx_word' id='word_1_200' title='bbox 346 3454 518 3518; x_wconf 76' lang='lat' dir='ltr'>mchou]</span> <span class='ocrx_word' id='word_1_201' title='bbox 538 3453 590 3504; x_wconf 84' lang='lat' dir='ltr'>Hoc</span> <span class='ocrx_word' id='word_1_202' title='bbox 640 3454 683 3505; x_wconf 83' lang='lat' dir='ltr'>lib.</span> <span class='ocrx_word' id='word_1_203' title='bbox 692 3455 718 3504; x_wconf 89' lang='lat' dir='ltr'>ii.</span> <span class='ocrx_word' id='word_1_204' title='bbox 728 3469 782 3520; x_wconf 77' lang='lat' dir='ltr'>cap.</span> <span class='ocrx_word' id='word_1_205' title='bbox 792 3456 819 3504; x_wconf 77' lang='lat'>⁴2.</span> <span class='ocrx_word' id='word_1_206' title='bbox 849 3453 927 3502; x_wconf 71' lang='lat' dir='ltr'>Vestra</span> <span class='ocrx_word' id='word_1_207' title='bbox 937 3455 1012 3518; x_wconf 64' lang='lat' dir='ltr'>tigria.</span> <span class='ocrx_word' id='word_1_208' title='bbox 1040 3454 1137 3503; x_wconf 75' lang='lat' dir='ltr'>Vectru</span> 
     </span>
     <span class='ocr_line' id='line_1_29' title="bbox 88 3525 762 3594; baseline 0.003 -18"><span class='ocrx_word' id='word_1_209' title='bbox 88 3534 169 3591; x_wconf 66' lang='lat' dir='ltr'>pom,</span> <span class='ocrx_word' id='word_1_210' title='bbox 181 3525 274 3576; x_wconf 69' lang='lat' dir='ltr'>seilicet</span> <span class='ocrx_word' id='word_1_211' title='bbox 284 3527 448 3594; x_wconf 74' lang='lat' dir='ltr'>perimugineo</span> <span class='ocrx_word' id='word_1_212' title='bbox 458 3537 482 3578; x_wconf 75' lang='lat' dir='ltr'>et</span> <span class='ocrx_word' id='word_1_213' title='bbox 492 3527 590 3577; x_wconf 75' lang='lat' dir='ltr'>simuln-</span> <span class='ocrx_word' id='word_1_214' title='bbox 639 3529 762 3594; x_wconf 71' lang='lat' dir='ltr'>imagines.</span> 
     </span>
     <span class='ocr_line' id='line_1_30' title="bbox 88 3599 1137 3668; baseline 0.003 -21"><span class='ocrx_word' id='word_1_215' title='bbox 88 3614 139 3655; x_wconf 77' lang='lat' dir='ltr'>cn,</span> <span class='ocrx_word' id='word_1_216' title='bbox 160 3599 228 3649; x_wconf 74' lang='lat' dir='ltr'>Deo·</span> <span class='ocrx_word' id='word_1_217' title='bbox 245 3599 389 3651; x_wconf 69' lang='lat' dir='ltr'>immortales</span> <span class='ocrx_word' id='word_1_218' title='bbox 409 3601 588 3668; x_wconf 74' lang='lat' dir='ltr'>cognominum:</span> <span class='ocrx_word' id='word_1_219' title='bbox 673 3606 713 3654; x_wconf 82' lang='lat'>7³.</span> <span class='ocrx_word' id='word_1_220' title='bbox 724 3602 754 3652; x_wconf 82' lang='lat' dir='ltr'>In</span> <span class='ocrx_word' id='word_1_221' title='bbox 769 3602 892 3666; x_wconf 63' lang='lat' dir='ltr'>imagine]</span> <span class='ocrx_word' id='word_1_222' title='bbox 906 3603 935 3651; x_wconf 89' lang='lat' dir='ltr'>In</span> <span class='ocrx_word' id='word_1_223' title='bbox 945 3601 1014 3667; x_wconf 71' lang='lat' dir='ltr'>cigno</span> <span class='ocrx_word' id='word_1_224' title='bbox 1023 3599 1137 3667; x_wconf 72' lang='lat' dir='ltr'>Augusti.</span> 
     </span>
     <span class='ocr_line' id='line_1_31' title="bbox 89 3674 1135 3742; baseline 0.002 -20"><span class='ocrx_word' id='word_1_225' title='bbox 89 3674 545 3739; x_wconf 67' lang='lat' dir='ltr'>mpwprimuumsommnuni</span> <span class='ocrx_word' id='word_1_226' title='bbox 560 3676 590 3724; x_wconf 87' lang='lat' dir='ltr'>li·</span> <span class='ocrx_word' id='word_1_227' title='bbox 643 3675 736 3738; x_wconf 68' lang='lat' dir='ltr'>Visoque</span> <span class='ocrx_word' id='word_1_228' title='bbox 752 3686 807 3724; x_wconf 76' lang='lat' dir='ltr'>runt</span> <span class='ocrx_word' id='word_1_229' title='bbox 826 3679 903 3726; x_wconf 63' lang='grc' dir='ltr'>ἀίοῑίι.</span> <span class='ocrx_word' id='word_1_230' title='bbox 946 3677 1065 3742; x_wconf 74' lang='lat' dir='ltr'>Imaginor</span> <span class='ocrx_word' id='word_1_231' title='bbox 1085 3675 1135 3724; x_wconf 74' lang='lat' dir='ltr'>iste</span> 
     </span>
     <span class='ocr_line' id='line_1_32' title="bbox 89 3747 1137 3808; baseline 0.003 -12"><span class='ocrx_word' id='word_1_232' title='bbox 89 3747 227 3797; x_wconf 67' lang='lat' dir='ltr'>corridere.</span> <span class='ocrx_word' id='word_1_233' title='bbox 254 3770 257 3792; x_wconf 69' lang='grc' dir='ltr'>ι</span> <span class='ocrx_word' id='word_1_234' title='bbox 638 3749 1137 3808; x_wconf 67' lang='grc' dir='ltr'>νὶωιιιιιῑιηὶὴὶωειιῑίτε,ιιινε1ἰιιίεοη·</span> 
     </span>
     <span class='ocr_line' id='line_1_33' title="bbox 120 3821 1137 3890; baseline 0.002 -20"><span class='ocrx_word' id='word_1_235' title='bbox 120 3822 162 3870; x_wconf 77' lang='grc'>64.</span> <span class='ocrx_word' id='word_1_236' title='bbox 180 3821 210 3871; x_wconf 78' lang='lat' dir='ltr'>In</span> <span class='ocrx_word' id='word_1_237' title='bbox 222 3824 293 3872; x_wconf 73' lang='lat' dir='ltr'>inviro</span> <span class='ocrx_word' id='word_1_238' title='bbox 303 3825 370 3889; x_wconf 75' lang='lat' dir='ltr'>loon]</span> <span class='ocrx_word' id='word_1_239' title='bbox 389 3825 417 3874; x_wconf 86' lang='lat' dir='ltr'>Io</span> <span class='ocrx_word' id='word_1_240' title='bbox 429 3833 491 3876; x_wconf 81' lang='lat' dir='ltr'>term</span> <span class='ocrx_word' id='word_1_241' title='bbox 500 3824 589 3874; x_wconf 68' lang='lat' dir='ltr'>hostili.</span> <span class='ocrx_word' id='word_1_242' title='bbox 638 3824 722 3874; x_wconf 72' lang='lat' dir='ltr'>cedere</span> <span class='ocrx_word' id='word_1_243' title='bbox 730 3824 891 3874; x_wconf 76' lang='lat' dir='ltr'>locumexnilii</span> <span class='ocrx_word' id='word_1_244' title='bbox 897 3825 975 3890; x_wconf 74' lang='lat' dir='ltr'>mugio</span> <span class='ocrx_word' id='word_1_245' title='bbox 981 3823 1137 3874; x_wconf 87' lang='lat' dir='ltr'>commodum.</span> 
     </span>
    </p>
   </div>
   <div class='ocr_carea' id='block_1_5' title="bbox 0 0 1502 5116">
    <p class='ocr_par' dir='ltr' id='par_1_5' title="bbox 0 0 1502 5116">
     <span class='ocr_line' id='line_1_34' title="bbox 0 0 1502 5116; baseline 0 0"><span class='ocrx_word' id='word_1_246' title='bbox 0 0 1502 5116; x_wconf 95' lang='lat' dir='ltr'> </span> 
     </span>
    </p>
   </div>
  </div>
 </body>
</html>
