3064 5104
328 317 374 382 3⁴
634 315 672 378 Ρ.
700 313 863 380 OVIDII
886 311 1099 380 NASONIS

332 491 438 564 Tunc
465 513 630 588 quoque,
649 487 736 561 cirrn
760 489 876 562 solem
902 487 1067 562 noudum
1093 488 1318 584 prohibebat
1340 499 1379 562 et

478 604 641 677 imbrem
1305 608 1373 676 621

385 719 541 816 Tegula,
561 720 627 793 sed
647 742 808 817 quercus
825 727 928 792 tecta
944 709 1148 817 cibumque
1165 720 1303 806 debat3

336 835 381 908 ln
400 859 551 910 nemore
575 846 691 933 atque
712 833 839 920 antris,
859 857 934 906 non
954 835 1024 908 sub
1042 834 1149 920 Jove,
1164 837 1299 931 juncta
1315 859 1377 908 vo-

384 951 507 1026 Tanta
523 951 605 1026 rudi
624 951 763 1050 populo
780 973 870 1024 cura
887 950 1041 1048 pudoris
1060 961 1152 1024 erat.
1221 951 1376 1050 [luptas.

334 1065 386 1140 At
403 1091 501 1141 nunc
520 1067 712 1142 nocturnis
729 1067 858 1140 titulos
877 1066 1103 1165 imponimus
1122 1067 1240 1142 actis:
1304 1071 1378 1139 625

383 1182 512 1280 Atque
530 1183 668 1257 emitur
683 1205 819 1278 magno
837 1182 900 1267 nil,
919 1181 991 1256 nisi
1009 1205 1122 1280 posse
1139 1182 1256 1278 loqui.

334 1297 489 1372 Scilicet
505 1298 675 1372 excuties
693 1320 823 1372 omnes
842 1298 1072 1394 ubicumque
1089 1297 1247 1394 puellas,

383 1413 550 1488 Cuilibet
567 1426 610 1488 ut
626 1415 744 1501 dicas,
764 1412 858 1488 Haec
876 1437 1030 1511 quoque
1048 1423 1176 1486 nostra
1193 1412 1286 1488 fuit:

334 1527 369 1600 N
373 1553 394 1603 e
411 1530 550 1618 desint,
570 1553 666 1628 quas
683 1540 726 1603 tu
743 1530 871 1625 digitis
889 1528 1088 1603 ostendere
1106 1529 1250 1626 possis;

383 1645 438 1719 Ut
455 1669 647 1744 quamque
664 1645 846 1741 attigeris,
865 1644 992 1718 fabula
1008 1644 1129 1742 turpis
1147 1645 1229 1718 erit.
1301 1651 1376 1720 630

332 1758 455 1833 Parva
468 1784 623 1857 queror:
643 1759 791 1855 lingunt
803 1759 969 1856 quidam,
983 1783 1069 1857 quae
1082 1782 1170 1832 vera
1184 1773 1377 1857 negarent,

384 1873 436 1948 Et
453 1876 543 1949 nulli
562 1899 637 1950 non
651 1899 692 1950 se
710 1877 959 1950 concubuisse
977 1874 1112 1949 lerunt.

335 1991 505 2087 Corpora
515 1991 547 2064 si
559 2003 763 2088 nequeunt,
772 2001 1026 2090 quoepossunt
1036 1990 1187 2064 nomina
1196 1999 1377 2066 tractant:

385 2105 589 2203 Famaque,
608 2131 683 2180 non
700 2118 801 2183 tacto
819 2130 988 2205 corpore,
1007 2107 1148 2180 crimen
1166 2107 1293 2180 babet.

336 2217 352 2291 l
373 2245 485 2308 nunc,
503 2222 639 2297 claude
655 2222 767 2310 fores,
786 2236 914 2298 custos
932 2224 1073 2309 odiose,
1092 2222 1249 2322 puelloe;
1306 2227 1380 2297 635

387 2333 438 2409 Et
454 2346 605 2410 centum
623 2338 726 2413 duris
743 2341 915 2438 postibus
933 2339 1031 2413 adde
1049 2361 1164 2412 seres.

335 2447 437 2534 Quid
455 2452 524 2525 tuti
542 2463 727 2552 superest,
747 2477 833 2528 cum
852 2454 1011 2528 nominis
1030 2462 1136 2527 extat
1150 2452 1317 2540 adulter;

385 2565 436 2642 Et
452 2567 567 2655 credi,
586 2569 687 2666 quod
705 2592 781 2643 non
797 2569 956 2665 contigit
973 2591 1069 2655 esse,
1089 2567 1218 2665 cupit?

336 2680 417 2754 Nos
436 2682 548 2756 etiam
566 2707 672 2756 veros
691 2707 803 2782 parce
822 2683 1038 2782 profitemur
1056 2705 1222 2756 amores:

385 2795 580 2895 Tectaque
598 2810 686 2870 sunt
703 2798 824 2871 solida
844 2799 1005 2895 mystica
1022 2796 1120 2871 furta
1136 2796 1223 2870 fide.
1307 2803 1382 2871 640

337 2907 487 2980 Parcite
503 2911 693 3009 praecipue
709 2909 800 2983 vitia
815 2911 1042 3008 exprobrare
1060 2912 1207 3011 puellae,

389 3019 491 3094 Utile
509 3045 594 3116 quae
612 3021 740 3096 multis
756 3023 1015 3100 dissimulasse
1032 3025 1114 3101 fuit.

339 3132 374 3206 N
378 3155 421 3206 ec
440 3159 530 3206 suus
549 3133 798 3210 Andromedae
816 3138 918 3213 color
933 3150 991 3214 est
1007 3141 1178 3238 objectus
1197 3143 1340 3230 abillo,

387 3246 541 3321 Mobilis
559 3249 596 3322 in
614 3249 764 3346 gemino
783 3255 844 3328 cui
862 3254 961 3353 pede
979 3280 1103 3353 penna
1120 3256 1201 3334 fuit.

370 3522 427 3603 626.
446 3525 519 3585 Atque
528 3525 612 3572 emitur
619 3525 723 3590 magu]
740 3528 836 3580 InBer·
920 3533 970 3584 Hoc
981 3535 1073 3585 illrum
1083 3539 1136 3586 uelit
1149 3549 1170 3586 et
1187 3555 1270 3604 magno
1286 3555 1385 3588 mercen·

339 3608 405 3642 nensr
424 3611 472 3644 uno
489 3604 548 3652 erat,
564 3606 631 3662 atque
648 3601 733 3648 emitur
751 3605 775 3650 iu
792 3607 836 3661 nil,
952 3617 992 3656 tur
1003 3611 1098 3658 Atride.

337 3667 401 3749 quod
416 3667 475 3731 quid
490 3667 535 3716 sibi
546 3670 611 3728 velit,
628 3686 675 3720 uon
694 3683 789 3738 exputo.
805 3693 836 3728 sn
888 3679 936 3727 Ubi
945 3680 999 3730 vide
1009 3693 1133 3732 comment.
1166 3684 1255 3733 Buurr.

336 3738 422 3822 aliquis
439 3742 553 3805 glossator
571 3743 615 3792 boc
631 3745 788 3811 adscripserit,
799 3751 833 3800 in·
917 3751 973 3800 027.
991 3754 1082 3803 Scilicet
1101 3756 1219 3821 cucutia]
1241 3759 1314 3807 llune
1334 3773 1385 3808 rer-

337 3812 419 3861 dreans
433 3829 508 3864 mores
523 3815 558 3864 sui
575 3818 660 3874 seculi,
673 3835 720 3883 quo
734 3821 759 3868 in
776 3824 834 3874 atrio
884 3839 936 3870 sum
958 3834 982 3874 et
1002 3839 1128 3891 sequentes
1148 3837 1196 3877 tres
1216 3830 1385 3896 interrogative

336 3886 470 3952 uoluptates
478 3892 833 3960 peragebantur,aoeliudquid
884 3903 956 3960 atque
984 3899 1111 3964 εἰρωνικῶς
1138 3901 1198 3965 lego,
1226 3901 1384 3969 exprobrandi

336 3958 410 4008 lateat
425 3961 512 4010 nescio.
528 3961 585 4009 mibi
597 3963 693 4027 vulgata
709 3965 767 4015 satis
783 3970 834 4033 pla·
884 3969 934 4018 sive
945 3971 1082 4036 increpandi
1094 3975 1178 4039 ligure.
1213 3977 1311 4026 Mrcru.

335 4041 447 4099 cet,qure
464 4033 526 4084 idem
544 4038 691 4102 notet,quod
711 4037 752 4087 illa
770 4043 834 4108 apud
917 4043 973 4092 646.
998 4045 1046 4093 Nec
1069 4063 1124 4095 saus
1143 4050 1311 4116 Andrometoe.]
1339 4051 1387 4099 An·

335 4107 456 4172 virgilii.
470 4107 634 4160 AEueid.104.
884 4112 997 4164 dromeda
1013 4117 1078 4166 lusca
1097 4120 1168 4169 luisse
1185 4121 1281 4172 dicitur.
1300 4125 1389 4192 placuit
