3020 5106
372 393 439 460 304
669 392 709 458 Ρ.
732 389 1132 458 ovmn-anonls

375 565 520 641 Felices
539 565 662 652 ambo,
682 565 985 664 tempestiveque
1002 555 1184 665 sepultos,

423 681 525 758 Ante
542 683 643 756 diem
662 703 784 780 poenae
802 680 906 778 quod
925 680 1070 779 periere
1087 682 1203 756 merel

375 795 441 872 Me
460 822 613 896 quoque
631 797 794 882 felicem,
814 796 918 893 quod
936 819 1011 868 non
1027 795 1240 871 viventibus
1257 797 1331 871 illis

425 911 521 986 Sum'
537 913 663 1000 miser,
682 922 722 986 et
739 912 788 986 de
806 933 867 984 me
885 911 990 1008 quod
1008 911 1164 1007 doluere
1181 913 1295 988 nihil!
1491 947 1492 1012 q

375 1026 417 1100 Si
430 1037 558 1103 tamen
570 1025 770 1104 exstinctis
785 1026 942 1124 aliquid,
958 1027 1031 1102 nisi
1045 1029 1209 1116 nomina,
1222 1041 1352 1117 restat,
1369 1034 1409 1102 85

416 1142 478 1218 'Et
495 1144 646 1242 gracilis
665 1153 829 1218 stmctos
848 1143 983 1240 effugit
998 1145 1133 1220 umbra
1149 1169 1283 1242 rogos;
1491 1137 1492 1194 l

378 1259 507 1348 Fama,
525 1260 755 1359 parentales,
774 1259 805 1331 si
824 1281 890 1332 vos
907 1281 995 1332 mea
1010 1259 1182 1356 contigit,
1201 1263 1357 1349 umbrae,

427 1375 478 1450 Et
495 1376 592 1450 sunt·
602 1375 639 1448 in
660 1374 797 1472 Stygio
815 1373 973 1446 crimina
988 1383 1118 1448 nostra
1134 1373 1235 1466 foro;
1491 1341 1492 1410 i

377 1491 494 1579 Scite,
513 1515 658 1592 precor,
675 1513 841 1576 causam,
859 1511 930 1564 nec
942 1513 1009 1564 vos
1028 1486 1119 1565 mihi
1136 1489 1268 1568 fallere
1285 1491 1342 1567 las
1354 1503 1416 1578 est,
1491 1535 1492 1586 3

427 1605 601 1684 Errorem
615 1609 747 1705 jussae,
766 1627 841 1680 non
859 1605 998 1692 scelus,
1017 1629 1102 1680 esse
1118 1605 1231 1704 fugae.
1375 1612 1417 1682 90
1491 1663 1492 1672 .

376 1721 557 1799 Manibus
576 1724 613 1798 id
632 1721 723 1798 satis
742 1733 822 1796 est:
852 1721 998 1808 advos,
1017 1721 1201 1811 studiosa,
1221 1735 1394 1810 revertor,
1491 1767 1492 1832 3

260 1823 262 1828 ’
426 1839 602 1926 Pectora,
621 1839 791 1936 quivitae
808 1835 979 1936 queritis
998 1848 1084 1911 acta
1099 1863 1206 1913 meae.
1354 1925 1357 1930 ¹

374 1951 399 2028 J
402 1977 462 2029 arn
480 1955 571 2028 mihi
590 1955 761 2039 canities,
782 1950 901 2051 pulsis
919 1951 1137 2028 melioribus
1155 1953 1278 2042 annis,

366 2132 368 2140 ,
425 2068 603 2156 Venerat,
623 2071 801 2167 antiquas
818 2065 1100 2166 miscueratque
1117 2094 1268 2161 comas;

376 2183 546 2282 Postque
564 2209 669 2260 meos
687 2195 804 2270 ortus,
825 2181 952 2256 Pisaea
968 2183 1116 2258 vinctus
1133 2185 1244 2274 oliva,
1377 2191 1419 2262 95

425 2301 645 2377 Abstulerat
662 2299 791 2374 decies
806 2295 963 2396 praemia
979 2299 1098 2374 victor
1116 2326 1258 2400 eques;

374 2501 459 2552 eodem
479 2502 562 2553 metris
578 2503 687 2570 sepulcro
705 2511 796 2570 petrem
817 2517 874 2554 oon·
957 2503 997 2552 88.
1015 2503 1075 2554 Sunt
1091 2507 1117 2554 ia
1128 2505 1207 2570 stygio
1216 2504 1298 2570 soro-J
1333 2505 1421 2572 Cogno·

374 2575 436 2626 didi.
469 2578 602 2644 legejuste
617 2579 677 2628 tuli:
694 2577 794 2627 eltemm
808 2573 873 2625 Luti-
923 2577 1155 2628 scunturbominnm
1167 2579 1260 2629 'scelera
1277 2595 1294 2630 ι
1306 2579 1423 2647 judicibus

375 2663 433 2698 num
450 2651 491 2701 rix
507 2659 552 2702 ent.
584 2651 626 2702 Sic
645 2655 701 2702 dors
709 2655 791 2714 justo:
809 2651 875 2700 rut.
924 2648 1031 2710 inferuis,
1048 2651 1090 2716 qui
1106 2662 1162 2702 snut
1179 2652 1272 2712 Minos,
1294 2656 1386 2704 AEacus
1400 2661 1422 2702 et

374 2721 411 2773 iii.
422 2725 485 2775 560:
776 2770 781 2780 ,
924 2723 1134 2775 Rhadamanthus.

435 2799 626 2864 Gomnnaejusto
637 2801 804 2850 duranum.
956 2798 999 2846 9³.
1017 2799 1335 2865 Pubbmlionbum]
1352 2801 1424 2852 Dete·

408 2873 449 2922 81.
468 2872 552 2923 Felices
562 2873 645 2936 amba]
663 2873 743 2922 Ambos
752 2889 815 2924 unus
824 2875 875 2924 Va·
925 2871 998 2922 riores
1012 2873 1069 2924 anui
1082 2883 1138 2924 sunt
1149 2875 1288 2932 noxum.
1298 2878 1357 2942 qnia
1365 2877 1423 2925 mol-

375 2943 449 2994 tican.
459 2955 484 2996 et
499 2954 551 2994 torn
566 2948 662 3009 multos
673 2962 768 3012 quoqne
778 2946 809 2995 sit
819 2946 876 2996 scri·
926 2953 952 2995 ta
968 2963 1048 2998 senem
1070 2947 1252 2998 circumvallant
1271 2949 1425 3000 incommode.

376 3019 492 3071 bendum:
510 3020 553 3070 ssd
572 3023 602 3070 τὸ
623 3023 685 3069 cnm
704 3022 777 3071 etiarn
798 3021 877 3087 quarti

375 3107 445 3143 cum
456 3102 501 3144 est.
534 3095 623 3145 linas.

408 3169 449 3217 85.
467 3163 492 3215 Si
505 3177 579 3218 tumen
594 3171 710 3218 exstinctis
724 3171 821 3234 unuin,
832 3169 878 3218 niti

375 3244 475 3299 wanno,
484 3243 578 3306 sciton]
594 3243 683 3292 Seruus
693 3251 744 3294 est:
763 3244 783 3293 si
794 3251 875 3292 tamen

375 3313 467 3380 aliquid
491 3324 563 3365 mist
589 3316 708 3367 defunctis
732 3315 874 3374 bominibus,

375 3397 461 3453 preter
470 3404 564 3440 nomen.
597 3390 650 3440 Hoc
660 3399 696 3441 est
706 3411 711 3440 :
729 3392 811 3458 siquis
820 3407 874 3442 sen-

375 3478 416 3510 sns
435 3471 471 3511 est
488 3472 541 3528 post
559 3463 622 3513 hanc
641 3465 725 3523 vitam,
741 3466 875 3533 animeque

375 3535 505 3594 bominum,
513 3546 543 3587 nt
551 3537 627 3596 nium,
637 3540 782 3592 immortales
794 3549 857 3591 sunt.

408 3611 449 3660 86.
469 3611 497 3660 Et
506 3615 602 3678 gracilis
616 3625 713 3665 structos
724 3617 806 3684 effugi
823 3634 874 3666 um·

375 3687 417 3733 bra
433 3685 518 3751 rogan]
546 3687 653 3754 Propert.
670 3689 712 3738 lib.
730 3689 762 3740 ir.
779 3690 818 3740 El.
835 3689 876 3740 vii.

377 3774 427 3808 ver.
442 3760 463 3806 l.
474 3775 514 3826 sq:

408 3831 468 3882 Sunt
479 3836 570 3898 aliquid
580 3853 672 3895 munau
690 3839 761 3886 ictum
770 3855 816 3887 non
829 3855 875 3886 om·

441 3908 547 3971 ntafinis
555 3928 564 3968 ‚¹
727 3942 732 3952 ·

410 3981 544 4046 lacu-que
558 3986 638 4031 cinctos
650 3983 734 4050 effugit
750 3987 830 4034 umbra
841 4003 877 4034 ro-

440 4073 489 4120 gos.

410 4130 450 4179 87.
471 4130 559 4179 Umbro
575 4131 727 4195 permulsa]
752 4133 876 4183 Oanirnae

378 4213 502 4264 parentum
513 4219 626 4252 meorum.

929 3023 1008 3072 Ponr.

959 3098 1002 3146 94.
1019 3099 1133 3162 Antiquos
1149 3101 1316 3165 miscueratque
1333 3099 1423 3164 m]

927 3170 1009 3235 Nigris
1019 3171 1087 3222 albas
1097 3172 1247 3239 imponeret.

959 3245 1000 3294 θα
1019 3245 1184 3311 Pituntium]
1210 3247 1293 3304 Oliva,
1304 3263 1355 3314 qus
1364 3247 1426 3313 apud
1491 3257 1492 3266 ¹

928 3315 996 3368 Pisas
1009 3320 1184 3370 coronabantur
1195 3321 1297 3371 victores
1308 3321 1335 3370 in
1345 3321 1426 3386 Olyn-

925 3391 979 3458 pico
989 3394 1127 3444 certamine.
1293 3399 1309 3411 ⁶

957 3468 998 3518 96.
1008 3468 1141 3519 Autumni
1155 3471 1237 3526 decim
1255 3469 1317 3534 tic]
1336 3471 1427 3520 Decem

925 3540 1098 3607 Olympiadem
1115 3542 1292 3608 qninquaginta
1302 3559 1385 3594 annm.

960 3615 1059 3681 Equus]
1077 3617 1117 3666 Sic
1129 3617 1288 3667 emendarunt
1302 3619 1388 3668 Burm.
1398 3617 1427 3668 sd

925 3688 952 3738 b.
960 3689 977 3738 l.
994 3691 1020 3738 'et
1032 3687 1159 3740 Bentleius
1172 3690 1203 3739 ad
1217 3691 1304 3741 Horet-
1315 3693 1382 3741 iv.2.
1393 3693 1429 3740 17.

926 3765 1113 3830 quosconsnlea
1141 3765 1206 3814 Olim
1219 3766 1429 3832 legebaturque.

926 3839 961 3888 At
971 3855 1018 3889 non
1026 3839 1120 3904 equites
1127 3839 1150 3888 in
1157 3839 1289 3906 Olympico
1300 3843 1430 3891 certamine

927 3914 1108 3970 coronabantur,
1126 3913 1169 3962 sed
1191 3913 1257 3979 equi,
1275 3916 1319 3979 qui
1340 3915 1431 3965 nobiles

927 3989 1056 4043 inderent,
1067 3997 1092 4039 et
1103 3987 1129 4038 in
1141 3987 1245 4038 nummis
1255 4004 1285 4037 ac
1296 3990 1429 4039 monimen·

927 4061 958 4111 tis
968 4062 1007 4110 vel
1022 4069 1130 4112 tenentos
1146 4062 1250 4128 palmam
1269 4079 1320 4120 ore,
1331 4064 1372 4112 vel
1389 4063 1431 4113 sd·

927 4135 993 4202 picta
1006 4135 1087 4202 palma
1099 4135 1260 4185 inveniuntur.
1287 4137 1379 4187 Coum
1393 4153 1431 4186 su·

927 4210 1155 4276 praiv.li.19,20.
1188 4211 1298 4268 antuor
1316 4225 1430 4262 annorum
