2982 5118
250 419 322 486 EX
345 417 506 488 ΡΟΝΤΟ
529 401 621 486 nte.
645 417 707 486 1v.
732 417 880 488 EPIST.
903 421 946 488 V.
1055 425 1122 492 teu

77 591 153 665 Ant
169 589 271 672 seret
286 592 460 691 Augusto
478 593 628 670 solitam
645 603 813 694 notoque
831 597 1003 685 salutem,

126 707 266 808 Deque
284 733 418 808 perum
431 720 521 788 noto
538 709 711 786 consulet
726 697 862 790 officio.

76 822 244 926 Tempus
262 828 312 901 ab
329 827 388 902 his
406 849 566 902 vacuum
585 827 715 906 Cesar
730 829 980 906 Germanicus
999 855 1109 908 omne

125 940 307 1017 Auferet:
337 943 521 1040 amagnis
539 943 639 1019 hunc
658 944 749 1020 colit
766 945 831 1020 ille
849 945 957 1022 Deis.
1076 953 1125 1023 26

79 1056 206 1142 Quum
223 1069 353 1136 temen
371 1085 395 1135 a
410 1060 522 1136 turba
537 1084 661 1138 rerum
678 1060 905 1159 requieverit
920 1063 1066 1152 herum,

126 1174 275 1252 Adros
292 1186 508 1258 mansuetas
526 1178 692 1277 porriget
709 1178 772 1252 ille
790 1202 946 1270 manus3

77 1290 258 1391 Quidque
268 1317 405 1392 parens
416 1318 487 1390 ego
497 1304 621 1370 vester
631 1318 754 1392 agam,
766 1293 926 1371 sortasse
936 1297 1123 1394 requiret:

127 1407 236 1482 Talia
252 1433 321 1484 vos
339 1410 391 1483 illi
410 1411 567 1484 reddere
585 1411 700 1485 verba
715 1411 839 1485 velim.
1077 1417 1127 1487 30

78 1522 181 1598 Vivit
198 1525 338 1614 adhuc,
357 1526 548 1626 vitamque
565 1528 635 1603 tibi
651 1529 790 1603 debere
808 1528 958 1615 fatetur,

129 1640 255 1726 Quem
274 1643 378 1742 prius
396 1668 420 1718 a
436 1645 516 1719 miti
537 1645 689 1720 oaesare
705 1669 842 1720 munus
860 1645 987 1719 habet.

78 1756 134 1832 Te
152 1757 238 1846 sibi,
255 1783 374 1858 quum
392 1758 549 1857 sugeret,
567 1761 721 1835 memori
739 1760 836 1836 solet
852 1785 916 1837 ore
934 1759 1082 1849 referre,

130 1873 324 1950 Barbariee
341 1885 443 1949 tutas
461 1875 681 1951 exhibuisse
699 1876 791 1950 vias.

81 1990 277 2086 Sanguine
296 1989 511 2068 Bistonium
529 1993 633 2091 quod
652 2017 727 2070 non
744 1991 967 2093 tepefecerit
983 2017 1126 2090 ensem,

131 2103 325 2182 Effectum
342 2129 433 2182 curn
449 2108 613 2207 pectoris
631 2133 716 2186 esse
733 2109 801 2186 tui.
1078 2114 1127 2184 36

80 2219 223 2298 Addita
239 2229 424 2320 praeterea
440 2223 525 2299 vitae
543 2248 697 2323 qunque
714 2226 835 2300 multe
851 2225 1002 2300 tuendae

129 2336 306 2426 Munera,
325 2363 374 2416 ne
390 2340 561 2439 proprias
579 2352 794 2418 attenuaret
810 2366 916 2440 opes.

81 2451 155 2529 Pro
173 2454 317 2552 quibus
334 2464 377 2530 ut
393 2456 536 2534 meritis
554 2456 735 2537 referatur
749 2457 880 2555 gratia,
895 2459 1011 2556 jurat,

130 2569 182 2645 Se
200 2568 283 2645 fore
300 2571 542 2670 mancipium,
561 2584 711 2675 tempus
729 2574 768 2648 in
785 2597 909 2660 omne,
928 2579 1048 2648 tuurir.
1077 2576 1127 2645 40
1232 2592 1240 2605 ·

109 2786 152 2834 24.
163 2785 200 2836 De
211 2785 289 2852 officio
298 2802 382 2850 parum
394 2787 470 2853 noto.]
489 2788 528 2838 De
544 2805 580 2840 re·
630 2790 678 2842 Hic
688 2789 755 2840 locus
764 2789 799 2840 ite
809 2788 979 2854 intelligendus
987 2787 1090 2847 ridetur,
1100 2796 1128 2838 nt

80 2859 122 2908 bns
136 2859 313 2926 pertinentibus
325 2860 357 2910 ud
371 2861 521 2912 oonsulntnrn
535 2862 580 2912 nri·
630 2863 799 2914 Germanicum
817 2861 970 2930 accipiamus,
989 2878 1019 2914 eu
1034 2861 1128 2928 hyeme.

79 2949 121 2984 nun
148 2933 211 2987 nnn·
230 2933 356 3002 Pompeio,
378 2943 494 3002 nequem
520 2952 581 2986 nnro
630 2953 684 3004 qne
706 2937 796 2987 obitum
816 2936 920 3002 Augusti
939 2936 1044 3004 proxime
1060 2944 1128 2986 unte·

80 3009 177 3060 consuli.
213 3009 333 3060 emur.
346 3010 436 3078 Capiet
447 3011 580 3063 consilium.
630 3009 711 3068 cessit,
728 3011 812 3061 Rome
830 3010 910 3068 fuisse,
929 3019 954 3060 et
969 3010 1078 3076 sequenti
1094 3026 1127 3060 e-

81 3081 150 3134 Putet
165 3085 324 3137 numeneus
340 3093 390 3134 turn
405 3085 520 3136 ndnlnndi
535 3086 580 3136 inn-
630 3093 693 3135 rtete
703 3084 995 3138 ineemeninuehiiue.
1018 3085 1130 3136 Moenus

80 3158 178 3221 penum
196 3173 248 3212 non
264 3157 337 3210 suisne
354 3160 486 3218 Neronem.
504 3169 530 3210 ut
545 3160 582 3227 ig·
630 3160 695 3212 enirn
709 3160 831 3226 Augrntrn
846 3168 890 3216 est,
904 3159 972 3210 coss.
988 3159 1043 3208 Sex.
1056 3159 1128 3210 Porn-

81 3231 221 3291 nnrnntium,
245 3242 290 3284 tut
307 3232 443 3284 servitutem
467 3241 517 3284 turn
537 3234 582 3282 inr-
631 3233 694 3300 pein,
712 3233 743 3284 nd
761 3247 832 3300 quent
849 3233 889 3282 hio
909 3233 991 3282 sonuit
1009 3241 1088 3299 pontu,
1104 3240 1130 3283 et

81 3305 209 3370 prudenter
218 3307 336 3373 objiceret
345 3307 469 3372 Pompeio.
501 3311 582 3368 Quone
631 3309 687 3360 Sex.
708 3306 821 3374 Apuleio,
843 3324 888 3358 ιιι
902 3306 1006 3361 Kalend.
1022 3307 1130 3374 Septem·

79 3380 125 3444 legi
143 3379 259 3430 maluerit
276 3381 311 3430 vir
329 3381 423 3438 doctus,
445 3383 523 3447 Deque
538 3400 581 3445 pn-
631 3382 688 3440 bris,
704 3389 731 3430 ut
747 3381 873 3430 Suetonius
887 3379 968 3430 nudie
1001 3383 1056 3440 Qun
1070 3388 1132 3430 tern-

82 3464 142 3506 tflnn
162 3463 210 3504 toto
230 3457 332 3506 merto
353 3454 434 3520 φάο.
468 3457 582 3510 Concitet
632 3471 689 3524 pnre
699 3454 857 3506 Germanicus
866 3455 930 3522 npud
941 3455 1054 3507 Rbenurn
1064 3470 1131 3506 exer·

80 3527 195 3585 Cautes,
206 3529 275 3591 quate
288 3529 361 3578 nolint
376 3545 421 3578 erro
435 3528 535 3595 efficiunt
547 3537 581 3584 to·
632 3529 691 3582 citui
701 3528 841 3600 prepositus
850 3529 905 3582 tuit.
932 3531 1030 3582 Mrcrn.

79 3601 124 3652 tin·
139 3609 257 3654 nenutw
275 3609 405 3666 antequem
420 3601 484 3652 enim
499 3619 537 3652 rer
551 3603 583 3654 nd
665 3607 706 3654 28.
720 3605 758 3654 Act
776 3605 834 3670 σοι]
853 3603 951 3658 Scilicet
967 3621 1050 3658 versus
1065 3606 1131 3658 exci-

77 3685 186 3728 eonem
210 3685 408 3742 proponerentur,
432 3678 541 3728 nolebant
567 3693 584 3728 u
631 3677 739 3748 piendns.

78 3751 217 3802 munibus
234 3750 267 3802 ud
284 3749 421 3816 Angustum
437 3751 527 3810 reterri,
539 3752 581 3818 qui
663 3754 704 3806 et.
725 3753 777 3805 Viur
792 3762 854 3802 tutor
870 3752 999 3818 cantorie]
1019 3753 1079 3804 Vtar
1092 3768 1130 3802 oe·

79 3825 109 3876 de
119 3825 166 3876 iun
176 3825 204 3876 in
215 3824 319 3878 concilio
328 3841 374 3876 eun
385 3825 514 3878 domestico
525 3835 580 3879 unte
631 3842 700 3878 euros
710 3843 725 3878 n
735 3827 854 3886 herberie,
862 3843 904 3894 per
913 3843 974 3893 queo
979 3827 1130 3892 Tomonprn·

78 3900 205 3950 naetabet.
226 3897 357 3963 Ingeniosa
364 3914 422 3950 enne
430 3899 516 3950 lectio:
528 3899 580 3950 rui·
630 3899 790 3954 finisnebstnr.

75 3981 132 4036 gen
141 3989 200 4022 rern
214 3973 265 4024 tere
279 3987 369 4030 omnen,
380 3981 406 4022 et
419 3981 510 4024 nostroe
519 3989 578 4039 qno·
662 3977 704 4026 ³5.
721 3975 802 4026 Eresos
816 3975 954 4033 Butuntum,
968 3972 1025 4037 δια]
1042 3973 1128 4022 Ensnnr

76 4063 133 4111 qne,
142 4047 189 4098 nini
200 4047 275 4100 hebet
285 4055 467 4112 propugnantes.
626 4048 757 4102 Threcum.

107 4123 148 4172 25.
165 4120 342 4185 omnem]
365 4120 522 4172 Germanicus
537 4122 578 4188 ju·
659 4125 701 4173 40.
718 4117 979 4183 Mancinum—tuum]
1000 4118 1024 4168 h.
1041 4134 1064 4172 e.
1080 4135 1129 4170 ser·

77 4196 135 4253 nor.
159 4196 224 4248 ttius
244 4195 328 4254 Drusi,
347 4195 449 4262 privigni
467 4195 578 4260 Augusti.
627 4213 691 4247 vum.
725 4197 838 4246 Hester.

77 4270 146 4318 Mun.
181 4271 280 4332 Tm
293 4273 321 4320 nir
333 4271 367 4320 tn
383 4287 480 4320 nonnum
495 4270 577 4324 Cesar.
