3020 5106
551 411 560 418 -
635 374 676 440 P.
701 370 865 438 ovlnn
889 366 1104 440 NASONIS

355 552 458 639 Quid
477 573 659 648 generum
683 546 829 622 Pelius?
856 543 948 644 quid
973 545 1146 624 Thesea?
1173 548 1315 648 quidve
1335 549 1411 626 Pe·

506 667 669 762 lasgum,

404 785 560 860 Iliacam
578 777 705 877 tetigit
720 777 787 876 qui
805 787 887 854 rete
905 777 1049 876 primus
1066 779 1251 855 humum?

355 899 442 976 Huc
461 900 554 986 Iole,
573 886 788 997 Pyrrhique
805 917 959 993 perenm
989 894 1064 970 huc
1084 893 1262 972 Herculis
1280 921 1389 984 uxor,
1502 949 1503 952 ,

404 1017 491 1092 Huc
509 1015 668 1092 accedat
685 1011 819 1110 Hylas,
839 1010 1060 1109 Iliadesque
1078 1037 1185 1111 puer.
1331 1019 1406 1088 406
1502 1065 1503 1068 =

353 1133 540 1232 Tempore
557 1127 724 1215 deficicr,
742 1126 905 1222 tragicos
922 1126 957 1200 si
974 1151 1182 1225 persequar
1198 1115 1328 1224 ignes}

309 1265 312 1276 '
403 1249 556 1347 Vixque
573 1271 680 1322 meus
698 1244 826 1342 capiat
843 1242 1114 1320 nominenuda
1131 1244 1239 1318 liber.

354 1364 425 1438 Est
441 1375 481 1438 et
497 1365 535 1437 in
553 1364 752 1437 obscoenos
769 1357 921 1434 deflexa
934 1359 1119 1454 tregoedia
1135 1360 1247 1447 risus,

402 1479 603 1578 Multoque
620 1475 802 1578 praeteriti
818 1477 935 1550 verba
951 1475 1107 1574 pudoris
1124 1477 1263 1552 hebet:
1327 1481 1403 1550 410

351 1596 434 1670 Nec
453 1607 566 1670 uocet
583 1585 739 1678 auctori,
758 1590 911 1664 mollem
930 1591 996 1688 qui
1013 1590 1105 1668 lecit
1122 1591 1326 1678 Achillem,

404 1709 608 1806 infregisse
626 1709 705 1784 suis
723 1705 834 1780 fortia
846 1704 949 1782 facte
965 1708 1100 1792 modis.

350 1925 573 1984 contendant,unde
581 1924 697 1974 Hercules
705 1921 852 1989 Lycophroui
902 1923 964 1988 regis
978 1923 1037 1982 tilis,
1054 1925 1085 1974 eb
1101 1923 1205 1974 Hercule
1218 1925 1403 1989 metm—Pyr·

350 1999 493 2066 τριέσπερος
502 1997 567 2050 λέων
577 1997 671 2048 dicitur.
688 1997 779 2045 Herus.
797 1997 851 2044 He·
901 1999 981 2061 etum
989 2015 1082 2060 porsm.
1116 1997 1252 2055 Deidamia,
1261 1999 1348 2063 Pyrrhi
1355 2017 1403 2048 ms·

348 2091 424 2122 mono.
458 2073 586 2136 Antigone,
597 2079 716 2121 contemto
726 2069 813 2126 edicto,
821 2084 851 2118 ne
901 2081 945 2127 ter.
962 2073 1104 2137 Lycomedis
1122 2073 1246 2136 Scyrorum
1267 2074 1331 2138 regis
1346 2073 1403 2131 tilis,

350 2149 404 2215 quis
431 2137 561 2212 Polynicen
588 2155 705 2196 mortuum
732 2145 850 2211 sepeliret,
893 2148 966 2216 'apud
977 2163 1048 2212 quem
1059 2147 1143 2196 Thetis
1153 2145 1276 2196 Achillem
1289 2149 1335 2196 sub
1348 2165 1402 2198 mu·

350 2239 414 2278 eum,
432 2221 544 2287 quoniam
566 2220 716 2277 detereret,
736 2219 851 2268 humsvit.

350 2295 515 2363 Deprehenss‚
524 2296 593 2361 jussu
609 2294 719 2344 Creontis
734 2292 796 2358 regis
809 2293 850 2357 ju·

350 2372 446 2438 gulctur
454 2386 483 2419 ex
493 2369 586 2436 legend
597 2369 714 2419 tumulum
722 2365 851 2432 Polynicis.

350 2449 459 2502 Hemon,
471 2445 511 2510 qui
522 2461 575 2494 eum
586 2443 736 2510 impatienter
746 2443 850 2498 smsbst,

349 2521 453 2586 perfosso
473 2526 569 2586 pectore
589 2517 678 2584 glsdio,
698 2516 787 2566 ibidem
804 2515 849 2564 sibi

349 2599 447 2643 morte'm
462 2592 586 2644 conscivit.
619 2595 681 2642 Eum
696 2599 798 2656 sequuta
813 2599 850 2637 est

348 2677 425 2717 mater
435 2667 554 2733 Eurydice
565 2665 652 2716 doloris
662 2665 798 2731 impudens.

382 2745 438 2791 40³.
464 2743 528 2797 Quid
547 2757 657 2807 generum
678 2737 777 2800 Petiet]
803 2737 851 2786 Per
882 2742 886 2752 '

346 2835 456 2884 germem
471 2817 549 2873 Pelia,
560 2815 690 2864 Admetum
706 2813 796 2878 recipe,
808 2811 850 2876 qui

349 2892 471 2948 dicenter,
485 2889 559 2938 Pelire
570 2889 644 2938 tilium
656 2889 768 2953 majorem
780 2889 847 2942 natu,

347 2967 510 3031 despondente
520 2967 535 3015 J
538 2979 617 3018 usone,
628 2971 682 3029 post
692 2962 784 3010 Pelium
794 2961 849 3009 Me·

347 3041 399 3090 dete
415 3039 498 3088 lrnude
513 3047 652 3104 peremtum,
663 3035 733 3084 duxit
742 3051 847 3084 uxorem.

348 3113 466 3178 Designat
480 3119 558 3162 sutem
575 3108 613 3158 hic
630 3108 732 3158 Ovidius
743 3108 847 3156 Alcestis

346 3187 497 3250 trsgoediaro,
515 3198 587 3250 quum
606 3181 731 3248 Euripides
747 3180 848 3246 scripsit.

350 3261 412 3314 Quid
426 3259 524 3308 Thena?
540 3257 692 3322 Tragoediam
709 3255 739 3304 de
755 3255 848 3305 Theseo

346 3333 463 3397 intellige,
477 3333 518 3397 qui
529 3341 599 3380 nctus
610 3339 686 3380 estex
698 3330 784 3379 AEthre
795 3329 846 3378 Pit·

347 3406 396 3455 thei
409 3407 466 3462 lilia,
478 3423 505 3454 cc
516 3407 637 3470 Neptuno,
646 3405 791 3454 inTroezeue
802 3420 846 3454 nu·
859 3463 867 3476 Ι

346 3479 845 3544 trituspenesPittheurnmeternnruevurn:

346 3569 374 3602 uc
385 3553 452 3618 signu
463 3554 493 3601 ab
507 3555 584 3618 AEgeo
598 3553 641 3602 sub
657 3569 714 3602 saxo
725 3553 801 3619 positu
812 3571 847 3602 re·

345 3642 497 3690 cognosceus,
520 3627 628 3675 Athenas
650 3627 722 3676 venit.
765 3629 798 3684 Is,
820 3637 846 3678 ut

347 3701 458 3751 Herculis
465 3702 563 3750 virtutes
573 3702 713 3759 imitaretur,
721 3701 751 3750 ud
759 3717 788 3750 ea
795 3717 845 3752 cer·

345 3775 437 3826 tamine
452 3776 556 3824 animum
572 3773 668 3842 ddjecit,
679 3792 733 3840 quse
751 3776 846 3826 leudem

346 3859 370 3898 et
380 3848 530 3913 gloriamsibi
538 3858 616 3898 esseut
626 3850 743 3899 adlatura.
772 3851 846 3904 Quid·

345 3937 376 3973 ue'
395 3924 525 3987 Pelasgum,
536 3923 639 3972 iliacum.
679 3924 844 3974 Protesilaum.

348 3997 845 4063 Pelrsgomautemuocst,quiaThessslus

345 4071 397 4120 tuit.
430 4071 526 4135 Pelasgi
551 4079 632 4120 eutem
658 4073 806 4124 Thessalico
829 4089 843 4122 e

345 4145 460 4212 principio
470 4153 574 4196 tenuere.

377 4223 434 4272 4⁰52
453 4219 507 4270 Huc
525 4219 592 4286 Iole]
617 4220 709 4287 Euryti,
726 4222 843 4273 OEehaliae

899 2221 968 2271 liebri
979 2220 1063 2270 habitu
1074 2220 1176 2270 celerit:
1194 2221 1310 2285 quonism
1321 2238 1336 2270 s
1346 2224 1403 2272 Pro-

899 2303 939 2344 teo
949 2304 1082 2360 acceperet,
1092 2293 1160 2344 illum
1170 2293 1304 2360 periturum
1315 2313 1368 2345 esse
1378 2297 1402 2346 in

899 2369 964 2418 bello
984 2369 1192 2435 Trojano—Huc
1210 2367 1322 2418 Hermu·
1338 2387 1402 2420 uror.

899 2445 1025 2508 Megaram
1035 2443 1103 2500 dicit,
1112 2459 1184 2508 qutun
1195 2443 1275 2492 Creon
1285 2460 1329 2494 rex
1338 2445 1401 2494 Tue-

898 2518 990 2574 barum,
1008 2515 1104 2582 cognitu
1121 2517 1234 2565 Herculis
1252 2517 1350 2576 virtute,
1366 2520 1401 2570 illi

899 2605 996 2642 uxorem
1007 2591 1082 2649 dedit,
1093 2590 1205 2656 urbisque
1215 2591 1248 2650 ei,
1258 2593 1335 2644 veluti
1346 2595 1401 2653 tilio,

899 2681 980 2715 curem
991 2665 1105 2732 permisit.

932 2742 987 2789 406.
1014 2741 1067 2789 Huc
1083 2742 1176 2789 accedat
1194 2739 1293 2804 Hylae]
1324 2742 1400 2806 Hyles

899 2829 958 2880 puer
968 2814 1020 2870 tuit,
1027 2829 1106 2863 comes
1114 2813 1233 2870 Herculis,
1241 2830 1315 2878 quem
1323 2816 1402 2864 emisit

898 2888 924 2936 in
935 2888 1002 2937 Ionis
1009 2889 1080 2954 juxto
1090 2888 1202 2952 Mysiam,
1215 2898 1240 2936 et
1251 2905 1326 2953 quum
1338 2907 1401 2939 com·

899 2971 1000 3028 portum,
1023 2963 1166 3012 exstinctum
1195 2977 1247 3011 esse
1274 2963 1301 3012 iu
1328 2964 1401 3022 fonte,

896 3035 1005 3086 instituta
1015 3043 1070 3086 sunt
1080 3049 1155 3092 socru,
1163 3036 1188 3084 in
1199 3035 1287 3100 quibus
1297 3038 1351 3103 ejus
1360 3055 1400 3087 no-

897 3125 953 3159 men
964 3109 1112 3159 clamabatur
1121 3108 1147 3156 in
1154 3108 1400 3160 tondum-luada-

897 3201 939 3247 φη
952 3201 1019 3248 puer.
1051 3185 1083 3232 Et
1101 3182 1255 3248 Ganymedes
1274 3185 1400 3251 Trojenus,

897 3259 960 3308 filius
969 3259 1037 3310 'licis
1047 3257 1116 3324 regis,
1127 3265 1151 3307 et
1163 3257 1235 3306 inter
1245 3257 1277 3306 Ili
1289 3267 1315 3307 et
1325 3261 1399 3309 Asse·

896 3349 954 3382 ruci.

903 3415 905 3418 '
929 3406 986 3456 tto.
1004 3407 1398 3471 Multuqroepreteritioerdupudo·

897 3485 929 3530 ris
939 3481 1027 3544 holm]
1047 3483 1127 3530 Multa
1137 3475 1211 3530 hebet
1221 3481 1246 3529 in
1257 3481 1346 3546 quibus
1354 3499 1398 3547 pu·

897 3555 939 3604 dor
955 3565 992 3604 est
1002 3555 1142 3620 praeteritus,
1154 3570 1169 3604 s
1179 3554 1266 3619 quibus
1277 3557 1347 3604 abest
1357 3572 1398 3604 ve·

896 3629 1019 3679 recundia.
1088 3655 1090 3660 ·

929 3705 984 3751 411.
996 3703 1113 3766 ductori]
1125 3701 1186 3759 Quis
1192 3701 1233 3750 ille
1242 3701 1321 3759 tuerit,
1327 3701 1397 3751 vulde

895 3778 1021 3827 obscurum
1037 3785 1081 3826 est.
1114 3776 1211 3826 Merula
1223 3775 1338 3840 iutelh'git
1348 3777 1397 3824 llo-

895 3867 1001 3910 meruru3
1018 3850 1132 3899 Heinsius
1141 3849 1253 3905 Sotaden,
1264 3865 1337 3914 equo
1346 3865 1397 3899 cur·

896 3927 960 3974 mins
975 3925 1073 3974 sotsdet
1090 3924 1219 3973 dictasunt
1228 3941 1235 3983 ;
1252 3922 1339 3972 melius
1355 3939 1395 3973 su·

895 4009 943 4049 tem
954 3998 1070 4064 Micyllus
1081 4009 1105 4048 et
1116 4000 1198 4048 Burm
1208 4006 1305 4064 poetam
1316 4013 1397 4063 quem·

894 4074 958 4130 dem,
970 4073 1012 4139 qui
1024 4073 1127 4122 Achillis
1142 4087 1233 4121 amores
1247 4071 1397 4137 descripserit

893 4148 1001 4213 elegiaco
1015 4147 1095 4214 aliquo
1109 4145 1221 4204 carmine,
1232 4144 1291 4210 quis
1301 4161 1395 4195 carmen

894 4223 1033 4287 Elegiacum
1053 4223 1084 4274 sb
1106 4221 1193 4272 Ovidio
1214 4219 1315 4285 disqu
1333 4234 1395 4285 seps
