3020 5106
277 415 518 482 TRISTIUM
541 413 632 482 LlB.
657 413 727 482 111.
752 415 888 484 ELEG.
913 416 1004 483 XII.
1105 417 1170 482 261

111 587 143 662 Ο
163 600 321 687 quater,
341 601 382 664 et
400 590 551 687 quoties
569 615 645 664 non
662 603 722 665 est
739 613 947 679 numerare,
967 593 1133 678 beatum,

158 704 249 780 Non
269 705 477 782 interdicta
494 707 555 780 cui
571 707 663 783 licet
676 709 769 783 urbe
787 709 879 782 frui!
1119 712 1167 782 26

108 822 159 897 At
176 824 274 896 milri
295 825 460 898 sentitur
477 826 542 898 nix
561 849 675 900 veruo
693 827 773 899 sole
791 825 925 912 soluta,

157 937 342 1038 Quaeque
361 942 445 1015 lacu
462 943 556 1017 duro
573 943 638 1015 vix
655 941 845 1017 fodiantur
862 952 985 1041 aquae.

110 1055 331 1132 Neomare
365 1059 575 1134 concrescit
605 1059 749 1155 glacie3
789 1081 873 1148 nec,
900 1069 943 1133 ut
969 1069 1071 1145 aute,
1102 1079 1170 1157 per

265 1173 413 1248 Istrum
967 1176 971 1186 '

158 1289 339 1364 Stridula
359 1289 600 1366 Sauromates
619 1290 788 1388 plaustra
804 1292 991 1366 bubulcus
1010 1292 1100 1390 agit.
1120 1295 1170 1364 30

109 1407 309 1506 Incipient
328 1405 467 1502 aliquae
484 1417 613 1481 tamen
631 1407 705 1480 huc
724 1407 863 1483 adnare
881 1409 1029 1496 carinae,

159 1522 413 1622 Hospitaque
431 1522 467 1594 in
487 1521 599 1596 Ponti
616 1524 725 1599 litore
744 1526 883 1624 puppis
902 1526 995 1600 erit:

110 1639 281 1716 Sedulus
301 1640 502 1714 obcurrem
519 1652 658 1728 nautae,
677 1641 857 1740 dictaque
875 1641 1024 1731 salute,

159 1755 267 1842 Quid
286 1754 430 1842 veniat,
449 1780 629 1853 quaeram,
649 1758 794 1857 quisve,
815 1761 1000 1858 quibusve
1017 1759 1125 1833 locis,

110 1869 181 1948 llle
200 1873 367 1971 quidem
384 1873 533 1960 mirum,
552 1873 591 1947 ni
609 1867 658 1947 de
675 1875 829 1971 regione
847 1875 1061 1974 propinqua
1120 1879 1170 1950 35
1244 1931 1249 1940 a

159 1989 251 2064 Non
270 1989 350 2063 nisi
367 1988 508 2063 vicinas
526 2001 631 2064 tutus
650 1992 763 2066 ararit
780 2017 913 2090 aquas.
1123 2087 1125 2094 y

112 2105 238 2182 Rarus
257 2108 311 2182 ab
331 2105 442 2180 ltalia
458 2117 606 2181 tanturn
624 2132 726 2182 mare
744 2109 871 2182 navita
886 2109 1043 2196 transit;

161 2222 298 2298 Litora
315 2247 422 2297 rarus
440 2224 479 2297 in
496 2225 579 2299 haec
597 2226 781 2323 portubus
799 2228 891 2301 orba
908 2226 1023 2300 venit.

114 2337 201 2414 Sive
218 2352 357 2414 tamen
376 2339 492 2414 Graia
510 2341 648 2428 scierit,
668 2342 746 2415 sive
764 2341 827 2416 ille
847 2341 981 2416 Latina

160 2457 270 2532 Voce
290 2457 419 2554 loqui;
449 2468 551 2533 certe
570 2459 710 2556 gratior
727 2459 839 2557 hujus
858 2458 941 2533 erit.
974 2497 980 2510 ·
1121 2463 1171 2531 40

115 2572 186 2648 Fas
215 2598 378 2674 quoque
404 2576 452 2649 ab
484 2587 547 2651 ore
579 2576 663 2650 freti
690 2576 890 2672 longaeque
918 2573 1170 2672 Propontidos

164 2689 253 2764 Huc
274 2688 446 2786 aliquem
462 2700 567 2764 certo
585 2693 668 2765 vela
685 2690 838 2765 dedisse
857 2690 981 2764 Noto:
1042 2689 1171 2786 [undis

115 2803 305 2905 Quisquis
324 2805 357 2879 is
375 2819 446 2893 est,
465 2809 621 2882 memori
639 2831 827 2882 rumorem
843 2829 936 2879 voce
954 2805 1105 2890 referre,

164 2915 216 2997 Et
232 2922 320 2997 fieri
339 2921 447 2996 lamae
466 2947 631 3022 parsque
650 2924 867 3020 gradusque
886 2930 1032 3019 potest:
1179 2905 1184 2924 '

2 3029 3 3032 ¹
115 3035 166 3126 Is,
185 3062 339 3138 precor,
359 3040 509 3113 auditos
528 3039 648 3139 possit
666 3062 814 3112 narrare
832 3036 1044 3136 triumphos
1120 3040 1169 3110 45

165 3154 360 3242 Caesaris3
390 3165 428 3228 et
447 3153 554 3229 Latio
574 3154 722 3229 reddita
739 3163 827 3227 vota
843 3151 951 3226 Jovi:
1036 3220 1042 3236 ‚

116 3269 261 3368 Teque,
276 3269 516 3358 rebellatrix,
536 3270 702 3356 tandem,
724 3269 940 3357 Germania,
960 3268 1087 3367 magui

163 3386 297 3462 Triste
315 3397 432 3484 caput
449 3386 610 3485 pedibus
628 3386 874 3485 subposuisse
892 3386 1014 3460 ducis.

147 3689 190 3739 44.
202 3687 382 3756 Etfierisame
388 3705 486 3752 puraque
492 3691 623 3755 gradusque
672 3671 751 3740 occiso
767 3689 838 3757 paulo
855 3699 910 3740 aute
926 3688 1044 3750 Quintilio
1060 3689 1133 3745 Varo,
1150 3688 1175 3737 iu

116 3765 207 3830 prtem]
229 3765 310 3825 Quasi
326 3763 405 3816 dicat:
423 3764 515 3814 Rumor
527 3764 567 3813 ille
582 3779 624 3830 po·
673 3764 829 3815 Germaniam
844 3763 929 3813 missus
944 3763 989 3811 boe
1005 3771 1111 3829 ternpore
1121 3761 1175 3818 ruit,

6 3851 23 3870 ·‘
117 3839 169 3888 terit
179 3841 211 3889 ad
222 3847 322 3907 partem
339 3837 453 3904 aliquam,
468 3855 512 3888 seu
524 3839 624 3904 gradum
675 3849 702 3890 ut
719 3837 812 3888 cladem
830 3847 953 3904 acceptam
970 3836 1132 3891 ulcisceretur,
1152 3845 1177 3884 et

7 3937 23 3969 ,·
117 3912 223 3964 ueritatis
233 3911 373 3980 peruenire·
675 3913 808 3963 Germanos
816 3911 841 3960 in
849 3910 956 3960 ordinem
963 3909 1088 3974 redigeret.
1104 3909 1176 3958 Hunc

150 3988 190 4037 47.
208 3989 295 4052 Tapae,
306 3987 450 4043 rebellatrix,
459 3985 571 4050 raum]
586 3985 625 4036 De
675 4002 731 4051 ergo
747 3993 813 4052 optat
826 3993 905 4052 poete,
916 3983 1018 4040 devicta,
1029 3992 1055 4031 ut
1068 3982 1120 4047 ipae
1134 3981 1176 4038 ait,

118 4061 211 4113 Tiberio
233 4061 348 4125 intellige
371 4060 415 4109 boc
438 4061 499 4117 loeo,
526 4077 574 4110 non
595 4061 626 4110 de
676 4060 824 4110 rebellatrice
838 4057 977 4115 Germania,
987 4071 1043 4105 curn
1058 4054 1176 4120 triumpho

2 4132 20 4190 :2⁷
118 4135 206 4186 Druso.
232 4137 302 4186 Nam
312 4134 408 4183 Drusus
414 4133 465 4199 jam
475 4133 551 4183 multo
562 4143 626 4192 ante,
677 4131 762 4191 redire,
787 4133 859 4198 idque
883 4148 908 4181 se
932 4147 961 4180 ex
976 4129 1067 4194 ¹aliquo
1094 4127 1177 4178 audire

13 4225 23 4236 ·’
120 4208 264 4278 Ιαριιιεφιὶ,
277 4207 392 4276 perierat.
419 4208 529 4259 Tiberius
539 4217 628 4268 eutem,
678 4223 758 4273 poree.
792 4209 864 4255 Man.

779 4281 822 4328 S³
