2974 5100
276 435 507 504 TRISTIUM
531 435 622 502 LIB.
645 435 689 502 V.
713 435 849 503 ELEG.
871 435 942 502 111.
1057 439 1122 504 317

87 611 151 686 Me
167 635 339 710 quoque,
358 612 389 684 si
406 609 463 684 sas
481 619 540 686 est
556 610 740 710 exemplis
756 610 810 686 ire
828 610 1015 697 Deorum,¹

134 729 274 803 Ferrea
292 752 371 802 sors
388 727 473 801 vitae
491 727 726 825 difficilisque
744 726 904 825 premit:

88 842 155 916 lllo
171 869 244 918 nec
263 844 382 918 levius
399 842 532 928 cecidi,
552 863 665 939 quem
683 864 820 937 magna
835 843 1002 914 locutum

133 957 322 1057 Reppulit
338 983 360 1033 a
376 955 515 1032 Thebis
533 956 556 1029 J
560 957 709 1054 uppiter
725 956 812 1052 igne
830 981 910 1030 suo.
1074 961 1124 1030 30

90 1072 139 1146 Ut
155 1085 284 1148 tamen
303 1072 439 1148 uudlsti
457 1095 677 1170 percussum
694 1071 849 1145 fulmine
865 1081 1000 1159 vatem,

132 1189 343 1263 Admonitu
360 1187 489 1260 matris
507 1186 742 1261 condoluisse
760 1194 882 1284 potes.
968 1231 970 1236 ·

87 1305 132 1379 Et
147 1315 272 1404 potes,
293 1303 506 1402 adspiciens
524 1303 665 1376 circum
682 1299 748 1376 tua
765 1325 871 1376 sacra
887 1313 1031 1400 poetas,

133 1422 275 1496 Nescio
295 1421 380 1518 quis
398 1421 527 1506 nostri,
546 1419 682 1505 dicere,
701 1419 822 1492 cultor
840 1419 958 1492 abest.

88 1535 165 1623 Fer,
179 1539 282 1611 bone
298 1535 421 1621 Liber,
437 1559 568 1633 opem:
595 1535 649 1608 sic
664 1533 777 1607 altam
790 1533 967 1630 degravet
978 1534 1121 1607 ulmum

132 1651 242 1738 Vitis,
263 1662 305 1726 et
320 1651 465 1724 incluso
483 1652 594 1749 plena
610 1651 659 1724 sit
676 1675 748 1724 uva
764 1674 878 1724 mero.
1071 1654 1119 1722 36

87 1767 145 1841 Sic
162 1768 232 1841 tibi
251 1790 341 1841 cum
360 1765 521 1840 Bacchis
541 1766 760 1864 Satyrorum
778 1789 898 1861 gnava
910 1769 1088 1864 juventus

132 1882 257 1970 Adsit,
277 1892 318 1954 et
335 1881 504 1955 adtonito
520 1905 594 1954 non
612 1892 759 1954 taceare
776 1904 881 1955 sono.

88 1998 181 2072 Ossa
196 1997 423 2097 bipenniferi
441 1997 495 2071 sic
513 1996 589 2070 sint
605 1998 702 2070 male
720 2019 850 2094 pressa
868 1993 1043 2095 Lycurgi,

131 2113 255 2214 Impia
273 2138 344 2188 nec
362 2137 473 2211 poena
492 2113 682 2188 Pentheos
700 2113 832 2186 umbra
849 2124 968 2186 vacet.
1070 2117 1120 2188 40

87 2229 144 2304 Sic
160 2231 279 2306 micet
297 2239 489 2316 aeternum‚
506 2230 704 2327 vicinaque
721 2229 844 2302 sidera
860 2228 996 2317 vincat,

132 2345 318 2444 Conjugis
336 2346 375 2419 in
392 2346 487 2419 coelo
506 2344 642 2419 Cressa
661 2345 810 2419 Corona
826 2355 916 2418 tuae.

114 2661 152 2710 29.
169 2658 375 2722 mammarum]
394 2657 541 2724 Capaneum.
628 2659 679 2707 trlm
688 2666 713 2708 et
723 2657 840 2708 furentum
850 2657 875 2706 in
887 2657 934 2706 tuis
943 2658 1024 2709 sacris

115 2735 154 2782 ot.
171 2735 298 2783 Admonitu
316 2733 417 2795 mom]
440 2733 481 2782 Ad
497 2734 579 2782 Seme·
661 2733 701 2780 39.
724 2732 846 2796 Lycurgus
868 2747 906 2780 rex
935 2732 1069 2782 Edonorum
1097 2735 1122 2784 iu

87 2805 138 2862 lem,
162 2805 256 2855 Bacchi
278 2813 387 2860 matrem,
407 2806 504 2862 reseras,
525 2820 578 2870 qua
627 2805 729 2854 Thracia
752 2805 864 2869 (Heroid.
884 2806 909 2854 ii.
929 2805 977 2869 iii.)
1000 2807 1122 2858 Bacchum

86 2879 146 2927 Joris
159 2879 261 2928 fulmine
278 2877 448 2943 conflagravit:
466 2879 579 2944 quemad·
628 2877 699 2927 deum
709 2895 760 2928 osse
773 2894 862 2944 negans
871 2887 896 2928 et
905 2879 936 2929 de
947 2896 1019 2946 regno
1029 2882 1122 2947 fugans,

88 2952 175 3002 modum
188 2962 260 3019 posta
271 2952 375 3016 Augusti
387 2952 438 3001 ictu
452 2961 580 3018 prostratus
629 2953 659 3001 ab
668 2951 739 3002 illoin
749 2953 849 3002 lusorem
860 2962 928 3003 actus
937 2955 1036 3005 trudrtur
1045 2957 1123 3006 securi

86 3035 126 3076 est.
138 3027 199 3078 Vide
210 3027 298 3076 Natal.
305 3027 349 3076 lib.
360 3043 383 3076 v.
393 3043 415 3076 c.
429 3029 466 3076 1³.
628 3025 678 3075 sive
687 3026 784 3092 bipenni
795 3043 868 3077 unum
881 3027 967 3094 pedem
980 3045 1023 3096 pro
1034 3030 1123 3080 vitibus

115 3101 152 3149 36.
169 3099 237 3150 Meso
255 3098 366 3162 inclusa]
385 3099 448 3149 Vino
464 3099 528 3149 intus
545 3099 579 3148 la·
628 3099 752 3151 excidisse.
785 3101 899 3150 Hennae.

87 3173 147 3222 tenti.
661 3175 701 3224 40.
719 3175 851 3239 Pentheos]
868 3175 981 3225 Echionis
991 3185 1016 3226 et
1027 3176 1123 3242 Agaros

113 3248 151 3297 37.
166 3245 455 3311 Sistibicomlioeets'e.]
473 3245 580 3295 Tradunt
628 3245 699 3306 filim,
719 3248 829 3299 Liberum
853 3249 950 3314 negavit
970 3249 1041 3299 deum
1061 3265 1122 3310 esse,

87 3321 202 3371 Bacchum
220 3322 249 3371 in
268 3318 376 3371 exercitu
396 3321 520 3370 mulierum
539 3334 579 3367 co·
629 3337 673 3371 nec
681 3323 791 3388 mysteria
799 3323 850 3388 ejus
860 3324 966 3389 accipere
977 3325 1059 3374 voluit.
1082 3325 1122 3376 Ob

88 3394 145 3460 piam
160 3395 360 3451 circurndurrisse¹
374 3403 488 3443 armatum
505 3391 580 3442 hastis
628 3395 673 3445 hoc
686 3412 739 3446 eum
753 3398 837 3460 Agave
852 3407 926 3448 mater
940 3414 995 3447 cum
1008 3399 1123 3450 somribus

88 3469 196 3536 pampinis
212 3468 344 3519 involutis:
361 3467 467 3517 Silenum
484 3482 578 3532 qnoque
628 3469 671 3518 Ino
688 3477 712 3519 et
726 3470 844 3526 Autonoe,
860 3488 902 3538 per
917 3470 1033 3521 insaniam
1048 3488 1063 3522 a
1079 3471 1120 3522 Li·

88 3544 237 3608 paedagogum
248 3558 277 3592 ac
289 3543 433 3600 nutritorem,
443 3543 484 3608 qui
493 3541 515 3591 ei
526 3542 578 3607 plu·
627 3544 683 3592 bero
695 3544 822 3609 objectum,
833 3545 979 3594 membratim
990 3546 1124 3598 dilaniavit.

88 3615 164 3666 rimam
179 3618 210 3667 ad
221 3617 336 3667 virtutem
351 3626 375 3665 et
387 3618 485 3680 gloriam
496 3633 578 3682 resque
629 3619 741 3667 llrsnns.

88 3689 177 3740 bellicas
198 3689 303 3758 profuit:
333 3691 477 3756 satyrosque
498 3689 579 3750 etium,
662 3693 701 3741 42.
723 3692 794 3740 Clara
817 3691 904 3741 cm..
925 3693 991 3757 tuae.]
1015 3694 1123 3745 Zuliche-

88 3777 178 3826 quorum
188 3781 263 3830 opera
278 3763 305 3812 in
319 3763 484 3813 saltationibus
494 3780 522 3813 ac
533 3773 580 3814 tra·
628 3764 720 3830 mianue
728 3765 805 3814 Cressa
811 3763 910 3814 Corona:
920 3766 1016 3831 optime.
1033 3767 1123 3818 Herse.

89 3836 357 3898 godiisoblecubatm:
376 3838 526 3886 eorumenim
533 3839 580 3888 risu
629 3837 758 3896 Ariadnen,
776 3855 791 3888 a
807 3839 897 3888 Theseo
915 3839 940 3887 in
959 3841 1028 3888 Naxo
1045 3840 1123 3890 insula

88 3924 112 3957 te
118 3911 170 3975 joco
179 3913 254 3961 vitum
264 3927 360 3962 omnem
371 3910 462 3960 felicem
471 3912 579 3962 traduce·
629 3910 775 3968 destitutam,
800 3911 909 3960 Bacchus
931 3929 1026 3960 uxorem
1045 3911 1122 3962 duxit.

87 3981 131 4032 bat.
161 3987 294 4052 Prognaoo
304 3983 580 4050 aliitaeragmiateera.
629 3985 744 4034 Fabulam
764 3986 835 4034 relert
853 3985 925 4034 Ovio.
943 3985 968 4032 in
984 3986 996 4033 1
1014 3985 1044 4033 de
1062 3984 1121 4034 Arte

89 4055 162 4107 Codex
181 4059 246 4110 Petri
260 4053 342 4108 8εωί
357 4075 423 4114 nom,
438 4058 502 4123 quod
515 4059 580 4108 vonit
628 4059 732 4110 amandi.
764 4061 802 4108 De
821 4059 914 4108 Corona
932 4073 987 4106 vero
999 4056 1120 4114 Ariadna,

88 4128 134 4180 ἀπὸ
143 4135 292 4182 ruinosam.
629 4132 701 4198 legito
717 4132 846 4198 Hyginum.
857 4131 899 4196 qui
915 4145 964 4179 rem
978 4129 1057 4180 multis
1067 4145 1119 4178 ver·

116 4201 154 4254 33.
170 4208 281 4256 „tarnim
295 4205 369 4270 sona]
387 4206 449 4256 Sono
459 4206 578 4258 bacchari·
630 4206 666 4256 bis
676 4207 830 4273 prosequitur.
862 4207 934 4254 Mna.
