3028 5116
297 311 363 378 124
590 309 630 376 P.
654 307 818 376 OVIDII
841 307 1055 380 NASONIS

294 485 373 573 Sic,
392 483 464 558 nisi
481 480 609 558 vitaris
628 482 815 581 quidquid
834 487 1029 560 renovabit
1045 509 1223 576 amorem,

343 601 516 674 Flamma
532 599 786 686 redardeseet
806 623 892 696 quae
909 600 1023 675 modo
1040 603 1145 678 nulla
1160 602 1245 678 fuit.
1376 699 1380 704 Ι

289 716 490 814 Argolides
504 726 687 815 cuperent
701 715 844 812 fugisse
860 715 1062 815 Capherea
1074 741 1245 818 puppes;
1270 725 1348 795 735

341 833 486 930 Teque,
506 857 637 920 senex,
656 833 780 906 luctus
798 833 949 930 ignibus
967 835 1046 909 ulte
1064 845 1164 910 tuos.

288 947 491 1023 Praeteriti
510 957 645 1022 cantus
665 946 822 1024 Niseide
840 949 968 1023 navita
984 951 1139 1045 gaudet.

340 1063 398 1138 Tu
417 1064 512 1151 loca,
530 1089 618 1163 quae
636 1065 792 1138 nimium
811 1074 919 1162 grata
934 1064 1051 1153 fuere,
1071 1091 1175 1142 cave.

291 1181 386 1256 Haec
405 1182 473 1272 tibi
492 1180 568 1256 siut
587 1182 747 1282 Syrtes;
778 1183 860 1255 haec
879 1179 1157 1258 Acroceraunia
1172 1183 1274 1258 vita:

340 1297 416 1373 Hic
434 1299 551 1372 vomit
568 1307 607 1372 et
625 1308 735 1396 potat
752 1296 835 1371 dira
852 1296 1069 1397 Charybdis
1088 1323 1220 1397 aquas.
1268 1305 1342 1373 740

291 1413 402 1502 Sunt,
422 1439 508 1512 quae
527 1413 767 1512 nonpossint
786 1413 914 1510 aliquo
931 1425 1092 1510 cogente
1106 1415 1232 1514 juberi
1248 1445 1258 1507 ;

341 1531 453 1629 Saepe
471 1541 600 1605 tamen
617 1553 710 1604 casu
727 1528 829 1603 facta
841 1531 974 1628 juvare
992 1531 1129 1606 solent.

288 1644 432 1721 Perdat
449 1669 542 1744 opes
560 1645 744 1733 Phaedra3
774 1668 920 1742 parces,
942 1645 1136 1745 Neptune,
1153 1650 1304 1748 nepoti:

339 1760 377 1834 N
380 1784 423 1834 ec
442 1760 557 1834 saciet
573 1759 730 1858 pavidos
748 1770 879 1834 taurus
898 1761 1020 1835 avitus
1038 1785 1170 1859 equos.

290 1875 462 1950 Gnosida
477 1873 634 1948 fecisses
653 1875 825 1973 inopem;
855 1875 1044 1974 sapienter
1062 1891 1239 1955 amasset.
1266 1885 1338 1956 745

340 1990 491 2064 Divitiis
510 1989 623 2064 alitur
640 1990 856 2066 luxuriosus
874 2015 990 2066 amor.

290 2104 770 2196 Curuemoest,Hecalen;
789 2106 1339 2208 nullaest,quaeceperitlronl

339 2221 490 2320 Nempe
508 2222 610 2320 quod
628 2221 722 2295 alter
739 2245 869 2318 egens,
888 2224 1007 2298 altera
1023 2247 1166 2324 pauper
1183 2239 1276 2302 erat.

222 2407 228 2418 .
290 2337 380 2412 Non
397 2340 525 2426 habet,
537 2339 639 2414 unde
657 2363 767 2413 sunm
786 2350 989 2438 paupertas
1003 2353 1136 2439 pascat
1150 2365 1334 2420 amorem:

339 2456 375 2529 N
379 2481 427 2530 ou
445 2468 572 2530 tamen
589 2457 665 2532 hoc
680 2457 775 2532 tanti
793 2468 874 2545 est;
902 2481 1047 2557 pauper
1065 2471 1107 2532 nt
1124 2483 1210 2534 esse
1227 2461 1332 2536 velis.

288 2570 341 2646 At
357 2571 426 2647 tibi
444 2573 494 2647 sit
510 2573 618 2659 tanti,
638 2597 714 2648 nou
732 2573 927 2669 indulgere
945 2573 1122 2664 theatris3
1262 2581 1331 2652 751

340 2689 443 2763 Dum
461 2690 559 2768 bene
577 2692 625 2765 de
639 2715 757 2766 vacuo
775 2702 930 2790 pectore
947 2692 1059 2766 cedat
1076 2715 1191 2767 amor.

320 2937 377 2986 755.
396 2937 515 3002 Argolides
529 2949 637 3002 cuperent
638 2941 732 3006 fugisse
743 2942 789 2990 Co·
840 2953 877 2992 tus
889 2943 976 3007 epm]
994 2942 1100 2991 Taurum
1112 2943 1203 2992 avitum
1214 2941 1281 3000 dicit,
1293 2959 1340 2993 non

285 3009 372 3072 platea
390 3011 497 3074 puppes]
517 3011 597 3060 Docet
613 3028 628 3060 a
641 3013 721 3070 simili,
736 3014 790 3064 loca
839 3018 870 3065 ab
888 3032 933 3066 avo
943 3017 1039 3074 Thesei,
1049 3017 1091 3066 sed
1107 3017 1138 3066 ab
1154 3033 1199 3068 avo
1213 3018 1339 3084 Hippolyti

289 3099 343 3148 qua
370 3093 456 3133 nocent
483 3083 582 3142 amanti,
605 3086 702 3136 vitanda
729 3103 790 3138 esse.
839 3091 960 3157 Neptuno.
994 3091 1058 3139 Nam
1072 3099 1096 3140 et
1112 3091 1219 3140 Theseus
1232 3091 1340 3158 Neptuni

287 3157 407 3220 Nauplius
422 3173 503 3216 senex,
521 3157 658 3208 Palamedis
672 3169 749 3227 pater,
764 3171 790 3212 nt
839 3164 902 3214 iilius
919 3167 972 3223 luit,
989 3165 1101 3230 idemque
1120 3174 1188 3231 pater
1206 3165 1340 3231 Hippolyti.

287 3229 330 3278 lilii
347 3229 439 3295 judicio
457 3229 539 3297 iniquo
560 3232 697 3282 Graecorum
717 3235 788 3284 occisi
839 3239 917 3288 Vocat
942 3249 1022 3289 autern
1046 3247 1071 3289 et
1095 3239 1220 3305 Euripides
1247 3242 1339 3304 ταῦρυν

287 3319 370 3353 necem
391 3303 551 3362 ulcisceretur,
568 3321 642 3370 quum
663 3306 699 3356 illi
719 3308 790 3376 Troja
837 3313 1016 3378 dyproo,aquo
1027 3314 1083 3378 equi
1093 3310 1219 3379 Hippolyti
1228 3322 1339 3378 perterre-

286 3376 413 3426 redeuntes
439 3378 563 3444 naufragio
589 3378 732 3439 laborarent,
758 3399 788 3432 ex
839 3387 977 3436 factisunt:
994 3387 1340 3454 eumqueobimprecauones

287 3451 413 3517 Caphereo
423 3453 520 3502 Euboe
531 3455 687 3520 promontorio
703 3473 787 3507 accen-
838 3477 867 3510 ac
882 3461 946 3511 diras
954 3461 1041 3512 Thesei
1056 3461 1082 3510 in
1096 3461 1180 3518 filium,
1196 3461 1254 3510 suari
1270 3463 1339 3510 ensis·

286 3523 322 3572 dit
333 3524 405 3581 lenes,
415 3525 539 3592 etsignum
548 3525 622 3586 dedit,
631 3529 699 3594 quasi
708 3541 789 3596 portus
838 3551 890 3584 sum
901 3535 968 3585 dicit.
1000 3533 1143 3584 Alliensem
1159 3551 1201 3600 pru
1215 3533 1340 3592 tauro,vi·

286 3597 337 3647 illic
355 3597 454 3660 luisset;
471 3601 512 3667 qui
529 3602 653 3652 credentes
670 3603 727 3654 illuc
745 3623 787 3656 na·
839 3610 915 3659 tulum
936 3609 1061 3668 marinum,
1079 3609 1130 3658 sive
1146 3608 1247 3676 phocam
1265 3610 1341 3658 nomi·

286 3674 395 3738 rigarunt
409 3683 435 3724 et
451 3675 512 3725 inter
528 3679 788 3747 asperrimosscopulus
839 3693 904 3732 nant.
944 3685 1030 3734 Totam
1050 3685 1156 3734 fabulam
1178 3683 1251 3732 habes
1273 3684 1337 3750 apud

285 3747 354 3797 fracti
365 3758 390 3797 et
400 3749 499 3800 demersi
510 3751 640 3818 perierunt.
675 3753 765 3804 Ausa.
838 3757 976 3822 Euripidem
990 3757 1126 3823 Tragoedia,
1136 3773 1191 3822 qno
1203 3756 1339 3807 inscribitur

319 3823 376 3871 7³7.
390 3823 504 3889 litalde]
524 3825 589 3874 Cave
602 3841 631 3875 ne
642 3825 686 3876 boc
697 3827 788 3878 dictum
837 3829 990 3890 Ἱππόλυτος
1000 3833 1186 3898 στεφανοφόρος.
1196 3851 1206 3882 t
1217 3831 1314 3880 lucis.

286 3895 316 3946 de
329 3907 398 3962 portu
410 3898 447 3946 vel
463 3901 503 3947 ord
520 3899 656 3964 llegareusi
673 3901 786 3968 accipias.
880 3906 936 3956 747.
958 3906 1065 3969 licente]
1092 3905 1161 3955 Anus
1185 3905 1340 3972 paupercula,

284 3972 388 4036 Scyllam
400 3971 453 4022 Nisi
462 3973 534 4022 filiam
543 3973 611 4024 innui
621 3973 701 4026 docuit
710 3976 785 4028 Hein·
837 3995 890 4043 quae
907 3979 1024 4030 Theseum
1043 3980 1164 4046 excepisse
1182 3979 1283 4047 hospitio
1300 3980 1337 4030 di·

283 4044 332 4094 sius
343 4045 373 4094 ad
385 4046 460 4113 Epist.
472 4045 488 4096 i.
496 4046 588 4106 Sabini,
597 4065 620 4099 v.
631 4051 672 4099 ³³.
836 4052 905 4104 citur.
938 4055 1157 4121 Quaderedpul.

317 4119 374 4170 744.
393 4120 441 4170 Nec
448 4122 526 4188 societ
540 4125 632 4186 providos
643 4133 724 4172 tonnas
734 4127 784 4173 ovi-
