2974 5100
280 385 518 451 TRISTIUM
542 385 632 452 LlB.
656 385 700 452 V.
724 385 860 453 ELEG.
884 386 927 453 V.
1066 389 1134 456 828

86 557 175 644 Hoc,
192 559 365 648 memini,
385 559 577 658 quondam
595 559 675 634 lieri
695 584 769 635 non
787 583 898 662 ppsse
916 562 1112 660 loquebar,

129 673 176 750 Et
194 700 258 750 me
279 675 481 752 Battiades
495 677 626 774 judice
644 677 761 752 falsus
779 687 873 751 erat.

85 790 216 866 Omnia
233 815 340 867 nunc
358 791 494 881 credo;
516 816 634 890 quum
651 804 693 867 tu
710 793 907 868 consultus
925 795 976 870 ab
993 793 1110 869 Arcto

128 905 264 1004 Terga,
283 932 415 1007 vapor,
435 907 598 996 dederis,
617 906 903 1012 Ausoniamque
921 920 1045 1009 petas.
1082 915 1133 984 40

85 1019 170 1096 Haee
188 1023 309 1120 igitur
323 1024 390 1100 lux
408 1035 480 1112 est,
500 1049 586 1123 quae
605 1025 636 1098 si
655 1050 730 1100 non
749 1035 831 1102 orta
847 1026 994 1113 fuisset,

128 1137 163 1210 N
165 1140 246 1213 ulla
262 1137 338 1213 fuit
356 1139 493 1214 misero
510 1139 609 1214 festa
625 1141 789 1217 videnda
806 1142 910 1216 mihi.

85 1251 208 1328 Edidit
225 1255 313 1329 haee
331 1277 456 1330 mores
474 1255 548 1328 illis
565 1254 729 1330 heroisin
748 1281 892 1355 aequos,

128 1367 245 1452 Queis
265 1381 352 1444 erat
371 1368 521 1455 Eetion,
538 1368 760 1469 Icariusque
778 1383 900 1470 pater.
932 1415 935 1422 «

85 1483 117 1556 N
120 1496 180 1561 ata
196 1487 390 1586 pudicitia
406 1477 479 1574 est',
498 1511 634 1575 mores,
655 1487 916 1586 probitasque,
935 1487 1131 1585 fidesque:

126 1603 179 1677 At
196 1628 273 1678 non
293 1613 388 1677 sunt
406 1603 478 1690 ista
495 1603 632 1702 gaudia
649 1615 739 1678 nata
756 1603 831 1678 die.
1084 1607 1133 1677 46

86 1717 157 1792 Sed
173 1719 295 1806 labor,
317 1731 359 1793 et
375 1742 487 1808 curte,
506 1721 730 1818 fortunaque
744 1719 912 1795 moribus
930 1721 1071 1819 impar;

128 1833 323 1935 Justaque
341 1835 391 1909 de
404 1833 522 1918 triduo
540 1860 649 1935 paene
668 1837 825 1933 querela
842 1847 936 1910 toro.

87 1949 248 2039 Scilicet,
268 1951 441 2026 adversis
458 1952 626 2051 probitas
644 1953 814 2028 exercita
830 1953 955 2038 rebus,

128 2065 243 2143 Tristi
259 2067 460 2142 materiam
478 2078 649 2167 tempore
666 2069 789 2144 laudis
808 2070 946 2142 hahet:
1085 2071 1134 2141 50

86 2183 123 2256 Si
140 2183 233 2260 nihil
251 2184 385 2260 infesti
402 2185 517 2260 durus
534 2184 691 2260 vidisset
711 2185 886 2284 Ulysses,

130 2301 330 2401 Penelope
349 2299 453 2388 felix,
472 2302 540 2377 sed
559 2301 640 2376 sine
653 2301 778 2390 laude,
797 2301 914 2375 foret:

85 2414 210 2492 Victor
230 2417 439 2492 Echionias
458 2417 489 2492 si
506 2418 562 2492 vir
579 2427 818 2517 penetrasset
836 2415 874 2488 in
892 2438 1010 2500 arces,

132 2533 310 2610 Forsitan
330 2532 512 2610 Euadnen
529 2535 592 2608 vix
611 2559 680 2610 sua
697 2544 826 2610 nosset
843 2533 1002 2606 humus:

113 2706 151 2754 ³8.
163 2704 309 2769 Battiades]
329 2703 494 2756 Callimachus
507 2717 586 2772 poeta,
636 2708 754 2766 Quaenam
774 2704 838 2754 enim
859 2698 995 2767 Eurytionia
1013 2698 1056 2749 illa
1071 2698 1137 2748 ttiar

85 2779 122 2844 qui
132 2779 175 2829 hoc
185 2781 327 2846 acripaerae
334 2794 370 2828 se.
380 2779 483 2829 desumo
491 2781 517 2829 in
526 2781 587 2831 duas
636 2779 741 2844 Scahger
753 2779 899 2842 Antigonen,
909 2773 976 2824 Pelei
988 2788 1091 2830 uxorem,
1100 2773 1137 2822 in·

85 2861 159 2915 partes
184 2862 269 2911 eunte,
292 2853 318 2902 in
341 2853 416 2902 sacris
437 2853 541 2904 Eteoclis
563 2863 586 2904 et
637 2851 769 2918 telligebat.
802 2849 850 2900 Sed
865 2863 975 2914 quorsum
991 2847 1137 2896 tamobrcn·

88 2923 213 2990 Polynieis.
636 2942 689 2976 rum
705 2926 807 2974 aoment
823 2921 1007 2971 Andromachen
1022 2918 1137 2986 intellige,

113 3002 152 3050 ³9.
164 3000 313 3064 conmittis]
332 3001 439 3050 Verbum
457 3001 482 3050 in
498 3003 585 3050 sacrifi·
637 2999 765 3050 notimimte
782 2995 905 3064 pudicitie
923 2994 1052 3046 seminam:
1072 2994 1138 3061 apud

85 3072 124 3122 tiis
140 3075 270 3126 usitatum:
295 3073 499 3140 καπνυμάντειαν
515 3076 587 3142 respi-
638 3069 906 3130 transmutata

85 3147 122 3196 cit.
152 3151 245 3200 Harus-
297 3148 426 3200 Enimvero
452 3149 587 3198 Burmann.
667 3145 826 3214 Ἀνδρομάχη
842 3143 953 3211 θυγάτηρ
966 3141 1139 3210 μεγαλήτορος

86 3222 292 3288 Ἥονοιιηω,
304 3222 347 3279 ait,
359 3222 485 3272 lectionem
497 3223 588 3272 reduxi.
702 3220 841 3278 Ἠετίωνος.
1017 3217 1107 3268 nure

84 3293 175 3346 indicat
190 3295 257 3346 enim
276 3295 357 3363 iprum
375 3295 467 3346 sumum
486 3297 547 3346 seire
564 3305 589 3346 et
639 3294 862 3350 DeAndromaehe,
874 3291 1045 3350 liliaEatioair,
1056 3299 1081 3341 et
1092 3293 1138 3342 Pe·

84 3369 165 3420 sentire
175 3368 349 3420 infelicitatem
360 3370 466 3420 locorum
473 3371 518 3419 snb
527 3369 588 3420 Arc·
639 3371 731 3438 pelope,
738 3369 810 3419 Icarii
818 3367 910 3434 lilia(v.
917 3366 989 3418 Ovid.
997 3366 1139 3432 flealdi.)

83 3449 114 3499 to,
124 3459 199 3508 quare
210 3444 251 3494 ille
261 3459 313 3493 non
323 3444 411 3492 stultus
419 3442 475 3494 inde
486 3444 555 3509 fugit,
564 3455 589 3494 et
638 3445 750 3510 loquitur.
772 3443 885 3492 Hennes.

85 3515 268 3569 ltaliamreraua
274 3517 366 3570 tendit:
377 3518 442 3568 etita
448 3518 590 3570 chlientlei.
671 3521 711 3569 52.
727 3519 781 3568 Sine
801 3517 966 3584 landesciae]
992 3515 1049 3566 Sine
1065 3513 1138 3564 laude

85 3591 113 3640 ad
130 3592 217 3642 Horat.
228 3592 254 3642 ii.
272 3593 351 3644 sm
362 3591 396 3640 iii.
411 3593 464 3646 150.
482 3593 589 3644 censet.”
638 3593 769 3660 pudicitie,
778 3592 1026 3659 qnamipsoabsente,
1037 3589 1093 3640 totir
1103 3588 1139 3638 ri·

86 3661 195 3716 Hiram.
638 3668 699 3734 giuti
719 3667 788 3716 annis
813 3666 970 3723 conservarit,
991 3673 1017 3715 et
1037 3663 1140 3714 reditum

115 3739 156 3789 40.
170 3740 248 3806 Terga
258 3738 373 3802 uotam]
385 3739 483 3804 Fugerit
493 3739 590 3790 ltaliam
639 3742 691 3808 ejus
700 3741 818 3808 patienter
827 3740 982 3808 exspectarit.
1012 3739 1091 3788 Posr.

85 3814 291 3871 resumerent
302 3821 379 3879 poete
391 3827 458 3863 uxor.
672 3817 712 3866 53.
739 3816 815 3864 Victor
835 3814 976 3878 Echioniae]
999 3811 1140 3878 Capanetna

115 3888 157 3936 41.
170 3887 227 3938 Haec
240 3886 304 3951 ἔω]
322 3887 370 3936 Hic
381 3887 433 3936 dies
444 3885 574 3938 natalitius.
640 3886 758 3956 designat,
775 3889 806 3939 de
823 3905 872 3955 quo
889 3889 1002 3939 diximus.
1035 3883 1065 3933 12.
1078 3901 1142 3934 areas

115 3961 156 4012 43.
167 3961 253 4012 Edidit
269 3963 317 4010 hec
334 3977 405 4010 moret
421 3962 469 4010 illia
490 3962 592 4011 heroilma
643 3957 772 4013 Echionia
788 3964 893 4012 Inarces
900 3961 1035 4011 lhehanaa.
1048 3955 1141 4005 Echion

85 4049 160 4099 quor,
178 4037 253 4092 Qneis
274 4045 328 4084 arat
346 4035 473 4101 Eurytion,
489 4033 591 4085 Icarius·
642 4037 705 4088 enim
723 4037 769 4086 tuit
784 4052 846 4086 unus
861 4051 891 4086 ea
909 4033 979 4084 sociis
993 4027 1140 4092 citatqui

86 4123 127 4172 rae
140 4111 229 4176 parm]
256 4109 299 4160 De
316 4107 411 4159 leminis
428 4109 492 4180 agit:
509 4109 592 4160 Scribe
642 4111 841 4162 cumeoThehas
852 4108 969 4158 condidit.

86 4179 241 4246 igimtarots
259 4187 287 4234 io
301 4199 358 4234 cum
373 4183 504 4249 Scaligero,
519 4182 590 4250 ripul-
674 4187 717 4236 st.
735 4183 867 4246 Baalim]
894 4183 998 4232 Uxorem
1018 4173 1140 4243 Capanei:

87 4271 134 4308 αν.
157 4260 207 4312 Sed
225 4257 337 4310 nondtun
355 4266 454 4309 sanatus
466 4265 504 4308 est
517 4257 592 4308 loeus.
641 4259 711 4325 eujus
720 4273 782 4308 more
790 4263 847 4306 nota
855 4263 902 4306 est.
