2988 5116
239 413 311 478 EX
331 410 495 478 PONTO
520 410 611 476 LIB.
635 409 685 474 II.
708 409 854 475 EPIST.
878 409 981 478 VIII.
1068 415 1133 482 ⁴27

85 587 190 673 Quid
208 586 345 661 nostris
363 584 495 672 oculis,
515 583 585 657 nisi
605 583 685 658 sola
701 583 843 684 palatia
858 585 1023 660 desunt?

136 703 215 788 Qui
233 703 351 789 locus,
371 701 498 775 ablato
518 701 681 787 Caesare,
699 702 782 774 vilis
796 701 883 776 eric

89 818 205 894 Hunc
221 841 293 916 ego
310 840 428 917 quum
444 817 870 916 spemnidmihi
879 841 1042 895 eernere
1055 819 1133 895 Ro·

136 935 241 1012 Nam
257 934 388 1034 patric
402 933 540 1008 faciem
558 934 720 1010 sustinet
734 935 799 1011 ilie
815 960 907 1011 suc.
992 939 1132 1033 [mam:

89 1053 241 1127 Fallori
267 1051 418 1128 anitati
437 1050 528 1124 mihi
546 1051 689 1126 suntin
707 1052 870 1149 imagine
886 1053 1025 1140 vultus,
1085 1057 1130 1126 21

138 1168 337 1266 Torvaque
354 1166 484 1242 nascio
502 1166 594 1267 quid
612 1166 731 1244 forma
747 1168 925 1244 minantis
943 1169 1083 1245 habeti

88 1284 223 1372 Parce,
241 1283 297 1358 vir
313 1283 497 1358 immenso
514 1285 633 1381 major
649 1283 850 1360 virtutibus
868 1285 970 1372 orbe,

136 1399 162 1473 J
164 1411 325 1498 ustoque
342 1399 519 1474 vindictae
537 1400 728 1500 supprime
747 1401 827 1475 lora
843 1409 931 1476 tuae.

88 1516 225 1605 Parce,
243 1539 389 1616 precor,
409 1516 510 1592 saecli
529 1516 646 1592 decus
664 1513 864 1590 indelebile
882 1515 1020 1606 nostri3
1083 1519 1133 1590 25

138 1632 337 1708 Terrarum
355 1632 547 1708 dominum
564 1657 679 1731 quem
697 1657 766 1708 sua
783 1657 873 1726 cura
888 1631 990 1708 facit.

89 1748 167 1822 Per
183 1748 314 1848 patriae
331 1771 481 1834 nomen,
499 1771 584 1845 quae
601 1759 640 1824 te
657 1749 726 1824 tibi
744 1749 864 1824 carior
880 1749 964 1848 ipso
982 1759 1052 1836 est,

140 1863 217 1938 Per
234 1886 429 1962 nunquam
446 1863 580 1938 surdos
598 1864 636 1938 in
653 1875 720 1938 tua
735 1876 823 1940 vota
841 1865 965 1954 Deos;

87 1979 243 2077 Perque
260 1980 330 2053 tori
349 1979 502 2067 sociem,
523 2004 607 2078 quoe
624 2005 693 2080 par
709 1980 778 2055 tibi
800 1982 881 2056 sola
898 1990 1133 2081 reperirem,

139 2095 193 2169 Et
210 2095 271 2169 cui
289 2097 466 2194 majestas
484 2120 559 2171 non
577 2120 737 2172 onerosa
753 2107 819 2172 tua
835 2108 912 2186 est;
1085 2101 1135 2170 30

89 2211 243 2310 Perque
259 2211 328 2286 tibi
348 2211 508 2286 similem
525 2212 671 2288 virtutis
689 2212 854 2310 imagine
871 2220 1016 2298 natum,

139 2325 313 2401 Moribus
331 2327 484 2424 agnosci
503 2327 569 2426 qui
587 2338 675 2402 tuus
693 2352 778 2404 esse
796 2338 942 2428 potest3

89 2443 241 2540 Perque
259 2452 344 2519 tuos
361 2444 419 2520 vel
435 2467 516 2533 avo,
534 2445 594 2520 vel
611 2445 746 2543 dignos
764 2456 871 2544 patre
889 2453 1059 2543 nepotes,

140 2557 216 2644 Qui
234 2559 389 2633 veniunt
406 2584 544 2657 magno
560 2584 627 2660 per
644 2571 710 2637 tua
722 2572 811 2635 vota
828 2560 968 2658 gradu3

91 2673 206 2748 Parte
220 2675 321 2749 leves
336 2674 491 2750 minima
503 2683 650 2750 nostras
664 2687 704 2751 et
716 2677 895 2751 contrahe
907 2699 1055 2774 poenas3
1084 2678 1132 2748 35

140 2790 290 2888 Daque,
302 2792 432 2888 procul
452 2790 633 2889 Scythico
650 2792 715 2889 qui
729 2792 779 2865 sit
796 2793 844 2865 ab
862 2792 982 2878 hoste,
993 2791 1130 2864 locum.

91 2905 141 2979 Et
155 2917 234 2992 tua,
255 2905 361 2980 sisae
379 2916 450 2994 est,
471 2907 664 2983 aCoesare
682 2907 853 3006 proxime
872 2905 1013 2992 Coesar,

142 3019 180 3096 N
184 3021 312 3096 umina
329 3021 406 3096 sint
421 3023 597 3122 precibus
616 3049 691 3099 non
708 3025 859 3100 inimica
875 3023 982 3098 meis.
1085 3057 1090 3064 ·

123 3223 162 3271 18.
179 3223 262 3270 Abho
271 3221 379 3286 Cam]
398 3222 485 3273 Ammo
491 3221 588 3290 Augus·
637 3225 789 3293 accipiamus,
801 3224 870 3291 quani
885 3223 959 3272 orium
972 3220 1069 3272 alterius
1079 3220 1133 3271 Cu·

89 3303 120 3352 u,
131 3296 203 3362 cuju·
217 3297 343 3362 punct
355 3297 467 3348 nobilitat
479 3298 590 3350 Romana
636 3300 703 3358 acris,
719 3300 764 3349 hoc
786 3307 832 3357 aar,
849 3296 961 3363 Augusti,
978 3295 1133 3362 adpdlatum.

89 3369 412 3435 palatia,crroumurbem.
637 3373 732 3422 Mrem.
766 3374 839 3421 Puer.
871 3373 941 3420 More
972 3371 1067 3428 Gracc,
1093 3367 1135 3435 qui

120 3445 164 3492 24.
182 3443 303 3506 διψῶ
317 3444 414 3511 sm]
433 3445 523 3494 Coerca
544 3444 589 3493 ira·
638 3447 711 3497 eriam
730 3447 832 3504 adrrItcs,
847 3443 1052 3506 ruffiacrocanu
1070 3443 1134 3510 quod

89 3518 201 3568 cundiam
212 3525 336 3584 tuamqua
343 3517 590 3568 videriraxardeacera
639 3523 731 3574 latinis
739 3522 862 3572 familiare.

88 3591 288 3642 edmeaccrbim
298 3591 456 3658 puniendum.
490 3593 569 3642 Ponr.
672 3598 756 3653 Pam,
776 3595 877 3660 praem]
912 3593 952 3643 Sic
979 3594 1041 3643 bene
1068 3591 1136 3642 resti·

121 3667 163 3716 25·
181 3667 332 3730 Pomm,
345 3670 405 3718 mli
419 3666 508 3730 dm]
528 3667 590 3714 ΡΜ·
638 3670 807 3722 amaricosius
824 3687 854 3721 ex
871 3685 919 3718 uno
930 3668 1061 3719 vodano:
1079 3666 1134 3716 hinc

90 3757 141 3790 m
162 3740 310 3807 accipiamus
330 3757 377 3792 non
397 3741 475 3791 atatis
501 3740 590 3792 ratione
639 3747 726 3796 counit
751 3745 853 3811 suspicio
873 3742 977 3808 miqui,
997 3741 1061 3808 quod
1080 3748 1136 3790 anre

89 3813 191 3872 dictum,
203 3823 232 3863 ur
242 3817 283 3880 qui
291 3816 342 3881 jam
356 3831 428 3882 prope
442 3815 590 3882 quinquage-
638 3839 697 3884 prm
715 3819 740 3869 h.
750 3837 772 3870 e.
784 3818 893 3869 Tiberius
909 3814 1084 3881 ragenarianae
1100 3821 1137 3863 eat

89 3889 169 3939 narius
184 3897 256 3946 unct,
269 3907 344 3956 quum
360 3891 461 3940 Ovidius
475 3890 591 3954 relegare·
640 3909 734 3962 quoque
744 3895 769 3942 in
780 3895 866 3942 Bavar-
875 3898 900 3941 ot
910 3891 999 3940 Eriurt.
1008 3903 1089 3939 careus
1098 3887 1135 3936 Iu·

90 3971 143 4023 ως
158 3963 201 4012 nd
212 3963 251 4013 vel
261 3973 356 4031 propter
366 3965 463 4032 picture
478 3964 590 4030 speciem,
640 3969 687 4018 insa
698 3967 860 4033 omposiros.
892 3965 1006 4012 uranu.

90 4036 136 4093 rel,
147 4037 212 4101 quod
228 4037 381 4103 probabilius,
391 4047 516 4106 propterea
526 4038 589 4104 quod
672 4044 712 4093 ³0.
730 4043 761 4092 Er
778 4046 817 4090 mi
833 4037 955 4104 mamae]
974 4038 1005 4086 Et
1021 4050 1083 4100 qne,
1099 4034 1136 4084 in·

90 4124 163 4175 nuper
174 4109 235 4160 adeo
245 4119 298 4176 post
308 4121 407 4162 mortem
421 4113 449 4162 L.
459 4121 484 4162 et
494 4113 524 4162 C.
535 4112 590 4161 Ca·
639 4117 700 4184 quit,
718 4117 867 4183 majestatem
885 4122 951 4163 ruam
970 4117 1048 4176 porco
1064 4109 1134 4166 fara,

89 4199 168 4233 m
184 4185 285 4243 wilm,
296 4185 322 4234 in
334 4186 378 4235 filii
393 4187 473 4237 Iocum
489 4189 520 4236 ab
537 4185 589 4237 Διι-
640 4191 680 4240 vel
696 4205 749 4256 qus
765 4205 791 4240 ae
805 4189 901 4238 nuribus
913 4187 960 4235 ruia
970 4183 1135 4233 bellendem
1214 4231 1220 4240 ,

90 4267 159 4322 gorm
177 4259 304 4326 adeptam
320 4260 409 4312 fuisset.
443 4263 477 4313 Ut
494 4277 592 4327 puerum
641 4273 717 4331 perat.
938 4281 942 4288 ·
