2974 5100
372 425 434 490 434
662 420 701 485 Ρ.
725 415 887 485 OVIDII
911 413 1122 482 NASONIS

374 595 466 671 Haec
477 583 629 695 quoque
639 617 700 668 res
710 593 853 691 aliquid
866 602 991 666 tecum
1002 589 1093 663 milri
1107 587 1263 664 foederis
1276 588 1409 663 adfert:

425 711 604 810 Ejusdem
622 710 718 784 sacri
736 710 857 784 cultor
873 719 1033 806 uterque
1050 729 1195 780 sumus.

374 829 434 903 Ad
451 839 575 904 vatem
592 837 696 901 vates
713 825 858 900 orantia
874 821 1029 898 brachia
1045 822 1173 909 tendo,
1371 823 1412 892 65

423 944 539 1019 Terra
555 943 606 1016 sit
622 941 765 1017 exsiliis
782 952 825 1015 ut
841 951 907 1015 tua
922 939 1000 1015 fida
1015 937 1124 1013 meis.

375 1059 461 1135 Non
479 1084 551 1158 ego
568 1059 674 1134 caede
691 1081 831 1133 nocens
847 1057 885 1130 in
899 1055 1060 1130 Pontica
1075 1054 1188 1127 litora
1204 1053 1315 1140 veni;

424 1176 586 1252 Mistave
600 1186 688 1250 sunt
700 1185 826 1249 nostra
843 1173 926 1248 dira
941 1195 1087 1247 venene
1102 1193 1241 1245 manu:

376 1294 459 1369 Nec
477 1317 561 1369 mea
578 1295 751 1390 subjecta
766 1291 938 1366 convicta
947 1299 1006 1364 est
1023 1309 1174 1385 gemma
1189 1283 1335 1360 tabella

425 1409 652 1484 Mendacem
669 1408 755 1483 linis
773 1406 998 1505 imposuisse
1015 1414 1156 1478 notam.
1371 1405 1413 1472 70

376 1525 458 1600 Nec
476 1525 696 1623 quidquam,
716 1523 818 1620 quod
835 1522 918 1617 lege
932 1529 1036 1594 veter
1052 1518 1306 1602 committere,
1325 1515 1412 1589 feci:

426 1641 475 1714 Et
491 1651 618 1715 tamen
635 1640 694 1712 his
712 1638 856 1735 gravior
873 1661 974 1710 noxa
989 1633 1145 1711 fatenda
1162 1633 1256 1706 mihi
1276 1644 1347 1707 est.

376 1755 481 1832 Neve
491 1780 600 1852 roges
611 1753 703 1853 quid
714 1755 781 1843 sit;
796 1753 950 1828 stultam
960 1749 1259 1850 conscripsimus
1271 1746 1412 1822 Artem:

425 1871 611 1946 Innocuos
630 1870 738 1944 nobis
756 1871 836 1944 haec
855 1879 957 1944 vetat
974 1891 1058 1942 esse
1075 1889 1225 1940 manus.

375 1983 524 2084 Ecquid
539 1995 720 2086 praeterea
736 1986 937 2085 peccarim,
954 2006 1123 2082 quaerere
1141 1981 1243 2068 noli;
1373 1981 1414 2050 75

425 2099 480 2175 Ut
496 2113 627 2200 pateat
643 2103 725 2176 sola
740 2103 854 2202 culpa
870 2102 942 2176 sub
960 2101 1053 2175 Arte
1071 2123 1168 2175 mea.
1473 2187 1475 2192 χ

373 2215 571 2315 Quidquid
589 2218 627 2290 id
645 2226 716 2304 est,
736 2218 850 2293 habui
874 2217 1105 2292 moderatam
1123 2215 1287 2290 vindicis
1305 2215 1411 2288 iram:

424 2331 512 2420 Qui,
532 2331 603 2406 nisi
622 2333 798 2421 natalem,
816 2333 870 2407 nil
888 2332 979 2406 mihi
993 2331 1144 2418 demsit,
1164 2331 1339 2404 humum.

375 2445 460 2522 Hac
479 2449 657 2546 quoniam
675 2472 797 2536 careo,
815 2459 882 2523 tua
899 2472 998 2521 nunc
1016 2447 1155 2521 vicinia
1171 2456 1344 2546 proestct,

424 2563 549 2638 inviso
568 2565 709 2664 possim
728 2575 833 2639 tutus
850 2575 892 2640 ut
910 2587 994 2639 esse
1010 2565 1107 2637 loco.
1375 2565 1416 2632 80

404 2781 444 2828 66.
465 2779 497 2828 Ut
517 2790 559 2828 tud
578 2781 662 2845 terra]
690 2783 724 2831 Ut
746 2781 870 2831 Tomitana
920 2781 1041 2831 Putemeo
1059 2788 1084 2828 et
1100 2777 1215 2828 undecim
1232 2777 1301 2848 aliis:
1321 2776 1415 2826 stridiooe

374 2853 437 2909 urbs,
448 2853 599 2918 relegetionis
610 2870 670 2903 meo
681 2854 757 2904 sedes.
920 2855 983 2904 enirn
993 2869 1087 2920 semper
1098 2869 1181 2902 verum
1191 2851 1286 2901 crimen
1297 2851 1368 2900 celat.

405 2929 446 2977 69.
458 2927 524 2976 Linde
534 2929 681 2993 inrpoeuim]
695 2928 798 2978 Vruculs
808 2927 872 2978 linea
953 2931 993 2978 77.
1005 2929 1124 2992 Quidquid
1135 2929 1160 2976 s'd
1171 2926 1227 2989 aa]
1243 2926 1417 2988 Qudecnnque

373 3000 486 3066 intelligit
496 3018 550 3068 quer
561 3003 656 3052 tabellis
666 3002 819 3069 obsignandis
829 3003 871 3053 ad·
921 3011 958 3051 est
967 3001 1001 3060 id,
1012 3003 1081 3068 cujus
1091 3016 1166 3051 muse
1172 3001 1297 3064 relegatus
1306 3015 1366 3050 som.

373 3071 448 3122 hiberi
465 3074 551 3124 solita:
569 3075 612 3124 lini
631 3075 693 3126 euim
715 3092 772 3126 usus
789 3076 814 3126 in
829 3078 870 3126 ob·
954 3075 994 3125 78.
1014 3075 1079 3140 Nih]
1109 3075 1179 3124 Nihil
1200 3073 1279 3124 eliud.
1312 3072 1418 3136 Intdiigit

371 3146 686 3212 signandistsbellisnotus.
696 3149 785 3200 Herus.
803 3149 870 3200 Gen·
922 3157 1000 3199 sutem
1022 3151 1210 3215 fortunasque
1232 3149 1355 3199 molibus
1371 3146 1416 3194 edi

373 3237 410 3268 ma
427 3238 484 3270 mea.
510 3221 581 3272 Meus
598 3225 700 3274 annulus
716 3233 740 3274 et
757 3223 870 3290 sigillum,
920 3223 1054 3281 mebantur,
1064 3223 1110 3272 sibi
1121 3223 1229 3272 relictas.
1261 3223 1314 3272 Nisi
1327 3221 1416 3270 notata

372 3301 486 3356 tauquam
498 3295 558 3344 falso
568 3296 709 3360 signaverim
721 3305 870 3348 adamanta.
921 3299 1022 3346 mnam.
1049 3297 1103 3347 Nisi
1121 3298 1199 3347 solum
1217 3299 1362 3351 Romnum,
1379 3291 1416 3342 ubi

372 3365 478 3428 sabjecta
493 3369 585 3417 tabath.
602 3371 731 3436 Subposita
742 3380 869 3422 testamen·
920 3371 1036 3422 &nostru
1051 3389 1113 3430 sum,
1131 3372 1251 3422 mittendo
1269 3387 1308 3421 ms
1323 3371 1347 3419 iu
1361 3369 1417 3417 exsi-

372 3436 539 3490 tariatsbelle.
919 3445 986 3494 lium,

388 3513 444 3594 '⁷⁰'
461 3513 591 3564 Mssdueern
608 3517 705 3582 notam]
724 3517 820 3568 Pulsum
838 3520 869 3569 si·
950 3519 992 3568 79.
1003 3517 1054 3567 Tuo
1066 3519 1175 3583 uicinia]
1194 3519 1242 3569 Tui
1257 3519 1340 3586 populi
1349 3515 1415 3565 vicini

371 3583 464 3649 gilium.
497 3585 529 3633 tri
544 3589 868 3658 sutemaRornsnisdepre-
917 3591 1216 3642 semimortuum.
1249 3593 1302 3642 Tua
1311 3607 1371 3640 usse
1385 3591 1415 3636 ss*-

370 3656 437 3706 hemi
448 3665 472 3706 et
483 3659 595 3716 convicti,
607 3660 759 3710 mittebantur
769 3663 794 3712 in
805 3665 867 3714 exsi-
917 3668 988 3714 druia.
1015 3667 1116 3731 Propter
1130 3666 1283 3717 vicinitatem
1304 3667 1346 3714 boc
1364 3661 1416 3712 nitri

371 3731 440 3781 tium.
917 3747 1004 3804 presta
1015 3737 1167 3790 beneficium.
1189 3741 1268 3790 Porrr.

404 3805 443 3856 76.
457 3805 489 3855 Ut
501 3809 600 3872 pateat]
621 3807 704 3857 Malim
723 3813 801 3868 lateat,
813 3827 867 3861 cum
1036 3819 1040 3826 '
