3064 5104
290 251 334 316 60
583 251 622 316 Ρ.
653 249 816 358 OVIDll
841 249 1055 320 NASONIS

298 417 377 500 Sed
394 447 520 522 neque
538 426 688 532 ramosi
706 423 921 500 numerabis
939 425 978 498 in
996 423 1082 500 ilice
1099 422 1276 521 granden

275 549 283 558 ’
349 538 386 614 N
390 563 434 614 ec
452 550 547 638 quot
563 564 654 639 apes
674 538 815 640 Hyble,
834 563 904 614 nec
917 549 1017 638 wquot
1033 540 1071 614 in
1089 538 1189 638 Alpe
1204 537 1313 625 ferae;

301 654 338 730 N
341 679 385 731 ec
403 656 494 730 mihi
511 667 569 730 tot
586 655 732 755 positus
750 677 904 730 numero
918 653 1187 753 comprendere
1201 652 1258 728 sas
1271 660 1349 739 est;

350 772 494 872 Adjicit
509 783 664 848 ornatus
681 771 855 871 proxima
872 793 1034 870 quaeque
1052 770 1148 845 dies.

300 885 353 984 Et
370 889 547 985 neglecta
562 889 676 964 decet
692 889 832 962 multas
850 911 970 962 coma.
998 911 1100 986 saepe
1113 888 1243 985 jacere

351 1001 580 1080 Hesternam
597 1004 748 1094 credas;
778 1003 844 1078 ille
858 1026 1003 1103 repexa
1016 999 1129 1077 modo
1145 1012 1218 1096 est.

301 1119 375 1194 Ars
393 1143 523 1194 casum
541 1120 708 1195 simulet.
737 1119 792 1194 sic
811 1120 926 1219 capti
943 1118 1039 1194 vidit
1052 1128 1096 1191 ut
1113 1117 1207 1192 urbe
1282 1117 1352 1188 155

351 1234 509 1310 Alcides
527 1233 647 1322 Iiilen,
667 1232 778 1310 Hanc
795 1257 879 1330 ego,
898 1233 1010 1322 dixit,
1029 1256 1126 1308 amo.

301 1348 431 1424 Talem
449 1360 489 1426 te
508 1349 700 1436 Bacchus,
720 1348 869 1447 Satyris
886 1348 1139 1424 clamantibus
1158 1345 1268 1433 Euoe,

352 1465 518 1540 Sustulit
535 1465 574 1540 iu
591 1489 736 1551 currus,
757 1464 878 1538 Gnosi
895 1465 1039 1553 relicta,
1058 1489 1160 1540 suos.

303 1581 337 1654 Ο
357 1591 543 1679 quantum
561 1579 735 1676 indulget
750 1589 876 1656 vestro
895 1581 931 1654 N
934 1591 1043 1656 atura
1059 1577 1200 1667 decori,

353 1695 523 1780 Quarum
541 1705 632 1770 sunt
648 1695 778 1770 multis
795 1696 935 1772 damna
952 1696 1092 1796 pianda
1107 1692 1251 1770 modis!
1285 1698 1355 1768 160

303 1811 386 1886 Nos
403 1811 502 1886 male
518 1811 743 1908 detegimur‚
762 1813 938 1913 raptique
955 1823 1068 1888 aetate
1084 1811 1228 1912 capilli,

357 1927 413 2002 Ut
430 1925 555 2002 Boret
572 1923 723 2002 frondes
741 1927 973 2015 excutiente,
993 1919 1148 2006 cadunt.

307 2041 464 2118 Femina
481 2041 661 2118 canitiem
679 2041 880 2118 Germanis
899 2043 1019 2118 inficit
1035 2041 1182 2130 herbis,

357 2157 410 2233 Et
426 2159 557 2234 melior
573 2182 661 2234 vero
679 2159 850 2256 queritur
866 2169 947 2234 arte
964 2160 1079 2234 color.

308 2273 465 2350 Femina
480 2275 653 2374 procedit
666 2273 897 2350 wdensissima
914 2273 1081 2350 crinibus
1099 2273 1228 2363 emtis;
1288 2277 1361 2348 166

357 2391 509 2489 Proque
528 2390 606 2466 suis
624 2391 718 2466 alios
735 2389 851 2468 efficit
868 2413 942 2467 aere
959 2415 1060 2468 suos.

306 2746 378 2806 ierus,
396 2763 477 2796 mmet.
497 2755 526 2798 ut
539 2749 668 2798 undulata
682 2763 756 2796 comas
772 2747 808 2796 in·
858 2761 915 2798 vero
934 2747 957 2798 ti
977 2744 1205 2806 deciderint..nulla
1219 2751 1271 2794 arte
1295 2758 1363 2812 repa·

306 2819 433 2885 alligent,
450 2819 808 2885 oedglmmutfam
858 2811 927 2861 randi
944 2811 1035 2878 capilli.
1068 2809 1184 2860 Nondum
1201 2807 1266 2860 enirn
1285 2807 1364 2858 adsci-

307 2908 364 2944 eum
388 2896 452 2942 sinet
478 2901 542 2942 recte
559 2894 635 2943 etiam
654 2894 685 2943 de
705 2893 810 2944 crinibus
858 2884 917 2935 111111
934 2885 1039 2941 1111111111
1054 2884 1098 2936 viri
1114 2884 1254 2934 utebantur·
1272 2882 1365 2934 Atten-

308 2963 479 3015 fluctuantibus
486 2965 589 3023 dicem,
598 2965 674 3033 quiin
684 2962 749 3016 sium
759 2983 810 3016 mo.
860 2959 908 3009 Sed
918 2959 974 3011 vide
984 2959 1120 3026 Polybium,
1133 2955 1177 3010 lib.
1191 2955 1226 3008 iii.
1240 2957 1272 3006 de
1285 2955 1364 3006 Anni·

309 3038 367 3088 dum
378 3037 482 3088 humeris
491 3039 610 3089 innatam.
643 3041 733 3088 Burri.
861 3033 929 3082 bele.

344 3113 401 3160 160.
419 3111 517 3176 Hybla]
537 3112 620 3178 Hybla
632 3111 748 3162 editiones
762 3113 811 3178 pri·
897 3107 952 3157 163.
964 3107 1066 3158 Femina
1076 3109 1186 3158 maisin»
1193 3105 1323 3156 omne
1329 3106 1368 3157 in·

280 3209 292 3220 ·
310 3200 371 3244 ores,
380 3183 422 3234 sed
431 3185 558 3252 inscriptis
568 3196 604 3235 ert
614 3185 749 3249 Hyblo,vel
759 3185 811 3252 Hy·
853 3181 911 3245 ficit
930 3182 1027 3247 tertia]
1057 3183 1104 3233 Per
1124 3179 1259 3231 Germanas
1280 3177 1379 3230 herbas.

312 3260 358 3306 tle:
376 3273 460 3324 nempe
477 3257 612 3326 praepositio
631 3262 656 3307 ia
673 3259 812 3311 heerdeber
862 3271 972 3322 spumam
998 3255 1073 3315 illam,
1101 3257 1150 3305 eive
1181 3270 1267 3320 sepum
1294 3251 1368 3304 intel·

311 3330 384 3382 etiam
400 3331 490 3380 relerri.
503 3331 554 3381 vid.
566 3332 597 3381 ed
607 3332 687 3398 Epist.
697 3333 746 3384 xvi.
757 3335 811 3384 141.
861 3328 929 3387 lexit,
941 3327 971 3379 de
985 3346 1033 3396 quo
1044 3329 1114 3379 toties
1127 3327 1238 3378 martial.
1254 3327 1301 3377 lib.
1317 3325 1369 3376 viii.

312 3413 337 3454 et
347 3404 391 3454 lib.
402 3404 420 3453 i.
430 3405 485 3472 Art.
497 3405 556 3454 333.
590 3405 681 3455 Burri.
862 3403 904 3452 33.
915 3401 964 3453 xiv.
975 3405 1016 3454 36.
1029 3413 1053 3453 et
1061 3405 1103 3453 2⁷.
1114 3412 1140 3453 et
1149 3401 1215 3452 Plin.
1228 3401 1316 3452 xxviii.
1325 3401 1381 3466 la„

347 3479 401 3526 154.
419 3475 555 3526 Hesternam
567 3477 666 3542 eandm]
686 3477 766 3538 Potes,
777 3481 813 3530 in·
863 3477 928 3542 quod
937 3493 967 3526 ex
976 3478 1055 3527 herbis
1065 3477 1220 3543 compositum
1231 3475 1306 3525 luisse
1315 3491 1382 3535 cro,

313 3549 373 3616 quit,
396 3549 496 3614 singulis
517 3551 602 3600 diebus
621 3551 699 3600 crines
719 3568 814 3620 compo·
863 3549 925 3598 didit
935 3549 1046 3608 Ovidius,
1060 3561 1084 3604 et
1094 3552 1129 3600 ita
1139 3551 1227 3600 nonde
1243 3549 1323 3600 colore
1334 3548 1371 3600 ni·

314 3638 378 3672 nere.
413 3622 504 3670 Herse.
798 3621 803 3632 '
865 3623 1262 3688 gricante‚aeddavobncinlectio
1270 3619 1371 3674 canitiei

351 3695 405 3744 160.
435 3696 538 3750 ίὶιιαπιηι
560 3706 613 3744 eunt
635 3699 713 3746 multis
734 3701 817 3749 damna
866 3697 993 3764 capienda.
1005 3700 1133 3749 studebant
1148 3699 1211 3748 enim
1228 3699 1372 3748 maximent

313 3773 401 3835 pianda
421 3771 515 3834 morib]
542 3771 636 3820 Pioudc
654 3771 714 3820 dixit
732 3771 817 3838 impro-
866 3770 935 3820 flavis
946 3771 1039 3837 capillis
1049 3783 1128 3822 essent
1138 3771 1292 3838 conspicue}
1309 3782 1337 3822 ut
1348 3781 1373 3822 et

316 3845 374 3913 prie,
386 3861 427 3910 pro
438 3845 621 3910 compensanda,
632 3845 734 3909 etquasi
744 3847 812 3896 dissi-
865 3845 936 3896 hodie
954 3846 978 3895 in
994 3846 1130 3896 Hellandiae
1147 3857 1172 3896 et
1191 3847 1273 3898 urnis
1289 3847 1373 3898 multis

318 3915 621 3974 mutandasivecelanda.
645 3918 742 3966 Mrem.
767 3919 815 3968 Pa·
865 3921 934 3986 pagis
954 3919 1064 3972 mulieres
1090 3920 1115 3971 id
1136 3921 1232 3974 studere
1254 3922 1372 3972 videmus.

317 3991 537 4042 derdaThuaneue.
868 3995 958 4044 Burei.

352 4069 405 4116 161.
432 4066 476 4114 Not
494 4069 552 4114 mole
570 4065 717 4128 detegimus-J
740 4067 816 4118 Nobis
