2974 5100
277 387 348 454 Ex
371 387 530 455 ΡΟΝἸῸ
554 387 644 454 ΗΒ.
667 388 717 454 Π.
739 389 883 456 nrm.
906 390 956 457 Π.
1070 396 1136 464 4oe

99 559 172 646 Qui
190 559 452 661 rapiturfatis,
472 561 563 658 quid
581 572 717 660 prater
733 562 811 638 fata
826 564 1015 662 requirat?

147 675 261 776 Saepe
279 687 384 752 creat
399 675 532 751 molles
549 701 683 778 aspera
697 677 807 778 spina
823 701 940 754 rosas.

97 789 170 875 Qui
187 792 334 892 rapitur
350 802 548 891 spumante
565 793 656 881 salo,
676 817 745 868 sua
760 794 915 870 brachia
930 795 1031 872 cauti
1084 801 1132 872 35

145 907 325 1006 Porrigit‚
343 920 382 983 et
398 908 527 1008 spinas
543 910 712 1008 duraque
727 934 821 985 saxa
837 912 951 1010 capit.
1051 965 1052 970 ,

95 1022 327 1124 Accipitrem
344 1037 516 1101 metuens
533 1026 668 1125 pennis
685 1027 961 1126 trepidantibus
977 1027 1057 1102 ales

145 1141 276 1218 Audet
293 1143 339 1216 ad
359 1143 542 1217 humanos
558 1141 659 1218 fessa
673 1145 799 1218 venire
816 1143 943 1218 sinus:

97 1254 134 1328 N
136 1280 181 1332 ec
198 1281 240 1332 se
257 1257 380 1332 vicino
397 1258 544 1332 dubitat
560 1258 792 1334 committere
809 1268 922 1345 tecto,

145 1369 243 1456 Quae
262 1371 359 1470 fugit
374 1371 530 1448 infestos
547 1372 677 1446 territa
693 1397 804 1448 cerva
819 1397 944 1450 canes.
1082 1376 1131 1446 40

95 1485 168 1576 Da,
183 1512 330 1587 precor,
346 1511 540 1564 accessum
555 1489 743 1588 lacrymis,
758 1488 967 1574 mitissime,
983 1487 1130 1575 nostris,

145 1602 229 1680 Nec
247 1605 407 1702 rigidam
424 1603 564 1680 timidis
580 1605 736 1680 vocibus
754 1605 852 1680 obde
869 1603 1008 1692 screm3

92 1720 298 1819 Verbaque
311 1731 439 1796 nostra
450 1720 578 1798 favens
590 1720 762 1796 Romana
774 1722 823 1795 ad
833 1718 986 1798 numina
997 1717 1130 1818 perier,

144 1835 234 1912 Non
252 1837 322 1911 tibi
341 1835 501 1937 Tarpeio
518 1839 621 1913 culta
635 1849 788 1912 tonante
806 1835 956 1910 minus:

94 1951 347 2052 Mandatique
365 1954 438 2030 mei
456 1955 604 2052 legatus
618 1953 769 2052 suscipe
786 1977 962 2046 eausam3

143 2068 260 2143 Nulla
275 2092 368 2144 meo·
378 2070 550 2166 quamvis
567 2069 717 2145 nomine
733 2093 848 2145 causa
863 2072 963 2148 bona
979 2085 1050 2148 est.

92 2182 179 2258 Jam
196 2209 317 2285 prope
334 2185 540 2284 depositus,
558 2197 662 2261 certe
674 2188 754 2284 jam
771 2185 940 2284 frigidus,
959 2213 1058 2287 segre

146 2301 327 2374 Servatus
345 2323 412 2398 per
427 2312 479 2390 te,
498 2301 529 2375 si
547 2301 810 2390 modoserver,
829 2325 905 2376 ero.

93 2413 204 2489 Nunc
221 2426 289 2490 tua
305 2439 373 2515 pro
390 2415 505 2515 lapsis
523 2416 662 2491 nitatur
679 2415 798 2512 gratia
815 2417 939 2504 rebus,

141 2527 331 2630 Principis
348 2541 525 2604 aeternam
542 2555 656 2629 quam
673 2531 742 2605 tibi
759 2541 912 2630 praestet
928 2555 1051 2606 amor:
1080 2537 1129 2606 50

91 2642 128 2716 N
131 2668 204 2719 unc
221 2645 291 2719 tibi
308 2657 349 2719 et
365 2646 503 2744 eloquii
521 2647 620 2720 nitor
636 2647 698 2722 ille
716 2646 943 2721 domesticus
961 2648 1072 2735 adsit,

142 2759 229 2844 Quo
246 2771 397 2860 poteras
415 2761 571 2860 trepidis
588 2761 691 2836 utilis
709 2785 792 2836 esse
809 2761 894 2836 reis.

90 2873 194 2949 Vivit
210 2875 312 2950 enim
329 2876 368 2948 in
381 2877 488 2950 vobis
505 2875 655 2950 facundi
673 2876 801 2972 lingua
817 2874 994 2975 parentis,

141 2989 193 3064 Et
208 3014 268 3064 res
287 2990 467 3065 heredem
485 2991 649 3090 repperit
665 2990 729 3064 illa
745 3015 867 3066 suum.

121 3255 163 3311 33,
174 3255 214 3304 34.
230 3255 285 3304 Hoc
300 3253 419 3304 nnuma
435 3269 450 3303 a
464 3267 536 3305 mann
552 3271 587 3306 rs·
668 3258 709 3306 44.
728 3255 823 3320 Tarpeio
838 3255 951 3321 umam]
965 3256 1025 3307 Jnve
1035 3256 1131 3324 capito-

88 3327 187 3378 centinri
201 3327 227 3379 in
242 3327 302 3378 cod.
317 3326 532 3394 an.adacriptum
544 3338 588 3386 cat,
636 3330 693 3380 lino.
724 3329 788 3380 Vidn
799 3331 866 3395 Virg-
883 3331 941 3380 AEn.
960 3329 1010 3380 viii.
1025 3330 1089 3393 aaa
1107 3340 1131 3381 et

88 3413 114 3452 et
129 3403 307 3467 deestqncqna
322 3399 348 3449 in
363 3401 587 3467 tliisqnihnadnm:
636 3403 1026 3465 mmmmi.196;v.aoa

89 3494 129 3526 vv.
144 3479 186 3534 ³5,
199 3477 240 3525 36.
257 3475 333 3542 plane
351 3473 437 3526 cluunt
456 3475 482 3524 in
502 3475 589 3526 Barar.
668 3479 708 3527 ta
725 3477 899 3544 legumen]
920 3477 1130 3536 Velnuncius‚val

88 3551 120 3601 m
137 3551 251 3601 Heinsius
269 3559 398 3614 utrumque
414 3548 532 3600 distichm
550 3565 589 3599 su·
636 3559 721 3601 mator.

87 3626 202 3694 paduan
223 3631 249 3675 et
269 3623 404 3674 tollendum
427 3639 478 3674 tna
499 3633 587 3674 censet.
669 3626 710 3675 47.
725 3626 780 3676 lara
793 3643 861 3690 prope
875 3626 1006 3690 mana]
1028 3625 1129 3676 Coniec-

89 3701 201 3750 llnnm.
636 3707 683 3755 tus,
692 3699 848 3760 mammeam,
864 3701 985 3766 sepultus:
1002 3698 1037 3748 sic
1051 3699 1131 3750 Plaut.

119 3776 161 3824 36.
179 3773 413 3839 Panlgitndtpimr
422 3773 587 3836 dampnum
639 3773 695 3824 Vim
720 3776 840 3836 depositum
863 3773 887 3824 id
914 3783 960 3832 est,
983 3771 1046 3823 vno
1067 3773 1129 3838 sapi,

87 3849 187 3914 mm]
206 3849 265 3909 Qui,
276 3847 364 3912 inquit,
375 3846 430 3896 latit
442 3847 586 3914 npitnrm·
636 3856 683 3896 tm.

86 3921 269 3990 intuitumque
275 3923 330 3972 loco
337 3921 586 3988 etiamuperomanns
667 3923 707 3971 49.
719 3923 767 3972 Pin
777 3921 863 3985 m]
882 3921 928 3972 Pro
938 3921 1007 3972 rebus
1017 3918 1085 3969 meis.

86 3995 346 4062 admnvcoe,utmajut
355 3995 485 4060 peniculum
495 3997 576 4047 autea
667 3997 708 4045 al.
719 3995 792 4046 Num
801 3995 863 4059 aas]
881 3993 1040 4044 Malimnili·
1058 3993 1129 4041 Nunc

118 4073 156 4123 37.
172 4071 300 4122 Adlndere
315 4069 409 4119 videtur
420 4071 541 4136 Verponrt.
555 4069 585 4119 ad
635 4069 693 4117 mihi
714 4069 777 4120 adn't
797 4069 917 4134 eloquium
935 4075 1010 4116 mum.
1040 4064 1129 4114 limus.

85 4161 151 4198 nmen
162 4147 237 4196 lirin
249 4146 353 4204 iactum,
363 4143 426 4210 apud
438 4145 503 4194 suet
514 4145 586 4194 Galb.
636 4143 712 4198 Arar.
722 4143 749 4190 id
767 4153 812 4200 ast,
825 4141 998 4208 patrocinetur:
1015 4151 1070 4186 nan
1086 4141 1127 4186 ul·

90 4221 111 4268 1.
137 4222 253 4272 Hamas.
636 4213 980 4265 mnnmvoeandienarn.

732 4288 756 4336 D
768 4290 808 4336 n·2
