3020 5106
263 363 509 460 rnrsr'ruu
532 391 624 458 mn.
648 391 697 458 11.
723 391 792 458 nn
816 389 984 460 umor.
1086 395 1153 462 ooo

87 563 225 640 Junxit
242 564 444 640 Aristides
462 565 616 640 Milesia
631 566 788 642 crimino
804 589 955 658 secum;

135 680 287 776 Pulsus
307 681 498 757 Aristides
516 704 587 756 nec
605 691 732 756 tamen
749 684 843 758 urbe
860 705 942 756 sue.
1167 763 1169 768 ,

90 795 182 882 Neo,
196 797 270 894 qui
290 797 499 896 descripsit
516 799 704 897 corrumpi
722 800 867 874 semina
880 809 1054 886 matrum,
1074 805 1148 877 415

136 911 309 1000 Eubius,
330 912 488 1011 impurae
506 914 681 988 conditor
697 912 861 987 historiis
873 941 882 1004 ;
893 913 910 1006 j

88 1025 182 1114 Nec,
203 1028 276 1126 qui
296 1029 516 1127 composuit
530 1052 652 1127 nuper
671 1027 900 1127 Sybaritidn,
919 1027 1037 1128 sugit3

135 1143 221 1216 Nec
242 1167 339 1240 quae
358 1144 583 1218 concubitus
598 1167 673 1217 non
691 1153 843 1218 tacuere
861 1169 971 1220 suos:

89 1255 272 1357 Suntque
290 1283 342 1334 ea
360 1259 558 1334 doctomm
576 1259 828 1334 monumentis
846 1260 959 1336 misto
974 1261 1148 1349 virorum,

137 1373 457 1472 Muneribusque
473 1377 614 1450 ducum
631 1376 785 1475 publica
797 1374 899 1452 sacta
910 1387 1055 1476 potent.
1075 1381 1150 1452 420
1233 1459 1243 1466 ,

91 1487 196 1564 Neve
215 1490 438 1589 peregrinis
456 1501 605 1566 tontum
622 1489 802 1566 defendar
819 1493 868 1566 ob
886 1491 1011 1579 armis,

137 1605 190 1681 Et
208 1599 419 1682 Romanus
437 1607 552 1682 habet
567 1608 689 1682 multo
700 1609 834 1706 jocosa
850 1608 957 1683 liber.

91 1718 223 1818 thue
242 1747 319 1796 suo
339 1718 505 1796 Martem
523 1722 663 1796 cecinit
680 1723 802 1820 gravis
822 1722 968 1797 Ennius
986 1723 1070 1810 ore,

139 1833 296 1912 Ennius
315 1837 470 1933 ingenio
487 1838 688 1924 maximus,
707 1848 786 1912 arte
803 1839 929 1930 rudis;
968 1905 976 1914 .

93 1947 279 2050 Explicat
297 1963 345 2027 ut
364 1975 498 2028 causas
514 1954 635 2052 rapidi
653 1951 851 2029 Lucretius
869 1956 980 2053 ignis,
1077 1959 1151 2032 425

142 2067 423 2166 casurumque
440 2070 580 2168 triplex
596 2069 819 2146 vaticinatur
836 2097 954 2171 opus;

95 2291 179 2344 dicitur
189 2297 269 2352 notis,
281 2293 350 2360 quod
361 2295 483 2362 infringit,
491 2296 516 2346 h.
527 2312 550 2346 e.
560 2296 604 2345 de·
655 2296 721 2354 brie,
728 2297 790 2348 inter
797 2295 905 2348 Crsthim
912 2305 937 2348 et
946 2297 1055 2362 Syhsrirn
1062 2295 1154 2348 duvios.

94 2366 171 2417 bilitas
180 2378 258 2436 sique
269 2377 372 2419 enervat
382 2371 446 2420 iucts
462 2371 538 2420 modis
548 2370 606 2422 suis.
687 2373 743 2422 418.
762 2371 794 2421 Es
810 2374 850 2436 qui
862 2374 994 2422 mouns
1007 2389 1053 2421 nos
1064 2381 1156 2422 umere

95 2441 205 2494 lissus.
654 2447 724 2511 sum]
741 2447 829 2496 Malim
839 2447 896 2510 pue,
903 2456 931 2496 ut
940 2446 1055 2496 Phusnis
1064 2454 1089 2496 et
1099 2446 1156 2496 Ele·

125 2518 182 2566 418.
192 2518 335 2582 Aristida]
355 2517 466 2568 Itsdesius
472 2527 544 2582 poeto
551 2516 606 2575 ruit,
655 2519 750 2586 phontis
765 2519 939 2584 intelliguntur.
956 2534 1056 2585 quorum
1072 2519 1156 2568 fredis·

95 2591 135 2653 qui
150 2591 286 2642 Milesiscs
305 2599 428 2657 poemsts,
444 2598 469 2640 et
486 2591 517 2641 de
535 2592 606 2642 rebus
655 2593 717 2652 sirus
736 2594 825 2659 scriptu
845 2593 934 2659 psssiuu
957 2592 1154 2642 umumtenbsu-

97 2662 223 2730 inpudicis
238 2665 348 2732 scripsit,
359 2664 429 2729 cujus
441 2664 564 2716 Plutsrch.
581 2663 607 2714 iu
656 2676 702 2716 tur.
734 2665 850 2716 Philonis
863 2665 995 2724 leucsdis,
1009 2663 1078 2731 cujus
1095 2681 1155 2716 vers.

98 2738 189 2797 Crasso.
200 2741 331 2792 Lucienus
344 2738 372 2788 in
382 2738 512 2788 Anseribus
523 2738 606 2788 mensi·
655 2740 799 2808 spurcissimi
815 2756 831 2789 s
844 2740 981 2804 Polycrate,
999 2739 1104 2806 sophists
1119 2740 1154 2788 A·

99 2822 189 2870 uerunt,
201 2824 228 2863 et
245 2813 376 2867 ducunt
392 2811 422 2860 ds
438 2813 522 2862 eodem
538 2815 605 2879 sug.
655 2814 783 2871 theutensi,
795 2813 936 2864 dicebantur
950 2829 1002 2863 esse
1015 2815 1140 2880 oomcripti
1148 2833 1156 2876 ς

98 2883 361 2944 Politisnus,Miscell.
373 2883 422 2940 xvi,
454 2887 551 2936 Mrorr..
655 2899 716 2941 teste
727 2888 867 2940 AEchnons
877 2889 904 2937 in
922 2887 1061 2937 Philonidis
1071 2889 1158 2953 Epioe-

128 2961 183 3008 416.
204 2961 306 3018 Euhius¹
319 2963 529 3022 bspuraeconditor
539 2963 607 3011 histo-
656 2963 696 3014 dio
717 2963 781 3030 spud
802 2963 955 3020 Atheneum,
974 2961 993 3010 l.
1010 2960 1060 3010 viii.
1093 2961 1157 3012 Huic

98 3035 157 3096 rm]
176 3033 338 3084 Credendum
346 3043 391 3090 est,
402 3034 505 3083 Euhium
514 3034 608 3086 histori-
656 3036 989 3103 sdjungiturslleuophonts,
996 3033 1038 3082 lib.
1045 3033 1070 3082 ii.
1079 3032 1159 3086 'Arro-

97 3120 151 3155 curn
160 3108 186 3157 iu
197 3124 243 3157 suo
254 3122 328 3173 opere
345 3105 475 3171 scripsisse,
485 3107 608 3158 mulierem
655 3109 876 3176 μνημονινμάτων.
888 3109 951 3158 Nico
960 3106 1040 3158 Seruis
1049 3115 1075 3156 et
1083 3107 1159 3158 culi-

98 3179 201 3246 sliqusm
211 3182 312 3248 potione
319 3180 471 3230 etvenchciis
478 3180 609 3246 corrupisse
656 3193 729 3234 strete
740 3182 834 3240 lesbio,
846 3183 953 3232 versibus
965 3181 1048 3231 itidem
1062 3181 1157 3232 ohscoe·

100 3265 207 3315 psrtum5
228 3255 297 3320 quod
314 3269 392 3318 quum
409 3252 499 3312 lecerit,
516 3255 610 3304 videtur
657 3257 818 3307 nisiuismes:
836 3257 895 3306 eitst
905 3256 983 3306 locum
994 3255 1159 3320 Xenophontis

100 3328 156 3378 sliss
165 3327 289 3395 ejusmodi
301 3326 521 3378 crimeudocuisse.
538 3328 611 3377 Mes.
658 3331 798 3389 Atheusus,
817 3331 861 3380 lih.
878 3347 903 3380 s.
935 3327 1029 3389 Quibus
1048 3329 1158 3381 omnihus

98 3403 220 3461 -Eubii
237 3401 381 3468 philosophi
402 3401 480 3459 stoici,
500 3401 610 3453 meminit
658 3404 824 3471 tutiquiorero,
832 3405 1004 3471 Astynomum
1014 3403 1098 3453 lsudst
1108 3405 1159 3454 He·

99 3477 214 3543 Stephon.
232 3474 413 3527 in'soxdhov.
445 3476 533 3527 Boon.
657 3479 754 3543 sychius
772 3489 797 3529 et
814 3479 900 3530 Suidss
916 3478 1015 3528 Helene
1032 3477 1159 3528 sncillsmr

128 3555 186 3602 417.
206 3551 268 3608 Nee,
278 3553 321 3615 qui
338 3553 459 3612 conposuit
475 3567 549 3615 nuper
564 3551 607 3616 Sy·
659 3552 749 3601 mentio
765 3551 838 3602 etism
854 3561 891 3603 est
905 3553 1010 3617 Cyrenes
1020 3551 1084 3616 upud
1097 3552 1160 3602 suti-

99 3625 303 3694 trismegis]
318 3623 514 3687 Putolegeudurn
520 3636 609 3688 turpem
659 3641 726 3690 quos,
738 3635 810 3692 quum
818 3623 1028 3692 δωδεκαμήχανον
1038 3624 1160 3676 dicebant

99 3700 240 3763 spiri-iside.
275 3695 427 3748 Hsmitheun
442 3698 555 3762 synodus
564 3700 609 3765 Sp
659 3699 750 3750 Hsms.

98 3775 173 3826 burin
182 3772 355 3842 turpissimum
370 3769 458 3819 librum
470 3772 562 3838 scripsit
578 3772 609 3822 dc
691 3775 748 3822 421.
767 3775 801 3822 Ah
814 3775 884 3822 umis
897 3772 1044 3839 peregrinis]
1064 3774 1104 3824 Ah
1118 3789 1160 3824 ex·

99 3843 453 3913 nVeuerisspudlnciunum
460 3847 607 3912 πρὸςὰπιιί-
659 3856 778 3898 ternorum
790 3845 1104 3912 scriptorumvoluminibus.
1134 3870 1137 3876 ·

97 3911 535 3984 dsorov.1deruin1¹seudologists
548 3919 608 3969 Mis·
691 3924 748 3972 426.
761 3919 1099 3984 Esplirctutcsusosrupidi.]
1112 3919 1159 3968 Hic
1268 3937 1273 3942 ·

99 3995 173 4046 thoois
195 3994 323 4063 Sybssite
348 3991 457 4042 neuim
481 3991 609 4058 turpissimi
658 3995 724 4046 locus
745 3995 856 4044 bituriam
877 3993 953 4059 accipi
968 3993 1062 4042 videtur
1077 4007 1158 4057 posse:

97 4069 226 4138 scriptoris:
247 4067 309 4116 hine
321 4065 448 4128 Sybaritici
462 4066 610 4130 iitettispud
659 4069 698 4118 vel
715 4081 742 4120 ut
759 4067 897 4134 simpliciter
916 4066 996 4130 ignem
1016 4064 1159 4129 accipiamus

98 4142 244 4200 Mardslem,
257 4140 305 4190 uh.
317 4137 362 4188 xii.
374 4138 490 4202 Epami
516 4139 609 4188 Hsms.
660 4143 815 4198 materialem,
832 4150 856 4191 et
873 4156 920 4206 quo
937 4138 1042 4204 quotidie
1059 4138 1160 4198 utimur,

97 4217 180 4266 —h'uit
192 4223 282 4266 sutem
299 4213 398 4276 Sybaris
413 4213 526 4277 oppidum
538 4213 610 4264 cus·
660 4217 697 4266 vel
713 4227 740 4266 ut
751 4216 782 4266 sd
794 4215 892 4272 fulmen,
904 4222 928 4262 ct
938 4213 990 4277 ejus
1000 4225 1084 4260 csusss
1096 4209 1158 4259 relc-

129 4298 204 4348 VOL.
215 4295 257 4344 11.
754 4297 774 4344 Ρ
