2974 5100
357 379 423 446 444
650 373 689 438 Ρ.
713 371 875 439 OVIDII
900 371 1108 440 NASONIS

360 552 497 638 Quare,
515 560 557 624 tu
571 557 720 648 presta,
742 569 789 620 ne
806 545 899 620 livor
915 547 1040 622 dicere
1057 547 1196 646 possit:
1351 554 1392 624 65

410 665 501 740 Haec
519 675 580 742 est
596 688 664 764 pro
681 663 807 738 miseri
824 663 928 738 lenta
944 663 1065 739 solute
1081 664 1162 736 viri.

360 783 562 880 Quumque
577 804 648 878 ego
658 779 843 867 deficiam,
854 803 924 852 nec
936 780 1075 878 possim
1086 780 1226 855 ducere
1236 804 1391 866 currum,

409 897 482 972 Fac
500 909 543 972 tu
560 895 747 972 sustineas
764 896 888 973 debile
907 897 988 971 sola
999 899 1145 994 jugum.

358 1013 419 1088 Ad
436 1013 622 1088 medicum
642 1021 786 1110 specto,
804 1012 908 1086 venis
926 1011 1155 1110 fugientibus
1173 1035 1298 1111 oeger:

410 1128 552 1205 Ultimo
567 1152 655 1228 pars
668 1127 800 1202 animae
817 1126 908 1201 dum
926 1127 1016 1201 mibi
1031 1138 1159 1216 restat,
1178 1129 1284 1202 ades.
1348 1135 1390 1202 70

358 1245 546 1344 Quodque
559 1269 630 1344 ego
644 1255 872 1344 proestarem,
884 1245 916 1317 si
931 1255 970 1320 te
987 1245 1107 1342 magis
1125 1246 1207 1345 ipse
1221 1247 1389 1330 valerem,

240 1357 245 1368 '
408 1362 454 1436 ld
472 1361 575 1448 mihi,
594 1385 712 1460 quum
728 1361 853 1434 valeas
869 1360 1013 1448 fortius,
1033 1362 1115 1460 ipsa
1131 1361 1240 1436 roser.

359 1477 490 1576 Exigit
507 1479 577 1552 hoc
596 1477 743 1552 socialis
762 1502 876 1564 amor,
896 1477 1096 1576 soedusque
1114 1477 1311 1568 maritum3

410 1594 581 1669 Moribus
598 1595 682 1682 boc,
701 1595 853 1692 conjux,
872 1593 993 1691 exigis
1011 1592 1094 1692 ipsa
1109 1593 1198 1668 tuis,

361 1709 444 1786 Hoc
463 1710 590 1785 domui
606 1709 737 1796 debes,
756 1709 803 1784 de
821 1731 898 1807 qua
913 1707 1091 1798 censeris,
1111 1719 1153 1782 ut
1170 1709 1275 1782 illam
1348 1713 1389 1782 75

411 1825 447 1900 N
449 1850 498 1900 ou
515 1826 636 1922 magis
649 1827 792 1915 officiis,
806 1849 925 1924 quom
943 1825 1141 1926 probitate,
1160 1827 1276 1900 colas.

362 1939 511 2016 Cuncta
526 1941 616 2014 iicet
632 1940 760 2028 facias,
779 1940 851 2014 nisi
869 1942 920 2016 sis
938 1940 1136 2016 laudabilis
1155 1965 1261 2030 uxor,

413 2053 499 2128 Non
517 2055 655 2154 poterit
666 2055 768 2129 credi
786 2055 932 2131 Marcio
948 2057 1054 2130 culta
1068 2056 1150 2130 tibi.

362 2171 398 2244 N
401 2193 445 2245 ec
463 2194 593 2244 sumus
611 2171 775 2268 indigui;
805 2197 887 2261 uec,
906 2173 938 2247 si
954 2173 1011 2248 vis
1027 2197 1115 2249 vero
1129 2173 1252 2262 fateri,

413 2286 583 2360 Debetur
601 2287 742 2362 meritis
756 2290 876 2386 gratia
892 2289 995 2364 nulle
1011 2290 1117 2364 meis.
1350 2297 1392 2363 80

364 2403 549 2478 Redditur
567 2403 631 2478 iila
647 2403 801 2503 quidem
820 2405 951 2502 grandi
969 2428 1056 2479 cum
1074 2404 1216 2482 soenore
1234 2407 1350 2492 nobis,

412 2519 563 2608 Necte,
582 2521 613 2594 si
631 2521 759 2620 cupiat
775 2522 924 2610 loedere,
943 2522 1035 2596 livor
1051 2522 1177 2597 babet.

365 2635 442 2711 Sed
460 2648 587 2711 tamen
604 2636 676 2710 boc
694 2635 802 2712 sectis
820 2639 984 2736 adjunge
1002 2638 1186 2742 prioribus
1204 2662 1330 2723 unum,

415 2757 490 2831 Pro
507 2757 645 2831 nostris
662 2767 707 2831 ut
724 2756 776 2830 sis
794 2757 993 2832 ambitiosa
1010 2755 1130 2831 malis.

395 2943 435 2992 67.
461 2943 581 3005 Quumque
606 2957 646 3008 ego
671 2942 796 3006 dotum]
826 2943 858 2992 Et
939 2943 979 2991 ⁷6.
997 2940 1050 2990 Non
1077 2944 1153 2990 door
1177 2939 1280 3004 efficito]
1307 2941 1351 2988 Pro
1369 2955 1394 2987 ro

363 3031 437 3080 quum
451 3015 510 3066 mibi
523 3015 584 3066 vircr
598 3015 684 3065 dunt.
717 3015 766 3064 Noc
778 3019 858 3078 ponta
906 3015 971 3081 quod
989 3023 1042 3065 ott:
1063 3031 1111 3066 uon
1128 3015 1204 3064 coium
1222 3015 1302 3080 probo,
1317 3011 1356 3062 ted
1373 3021 1394 3061 et

362 3093 444 3141 ducere
470 3107 572 3139 rumor.
610 3091 733 3156 Tauqutm
760 3090 858 3156 turigur
907 3085 1278 3154 officiosuergmeooedetm.
1310 3087 1395 3134 Mrrrr.

363 3163 408 3214 boc
423 3175 466 3222 cot,
478 3181 521 3214 nec
537 3163 624 3230 pontu
641 3166 710 3214 rcbut
725 3165 784 3214 meir
798 3181 858 3231 pra-
940 3165 980 3214 77.
992 3165 1091 3220 Marcio,
1102 3163 1126 3212 b.
1141 3179 1163 3212 e.
1178 3163 1280 3212 Maximi
1297 3179 1359 3218 uror,
1372 3178 1393 3208 r.

362 3254 423 3294 etse.
434 3239 599 3305 quinburbc
609 3240 700 3288 tbruro.
909 3237 1003 3303 Micyll.
1020 3239 1133 3288 Hirtus.

395 3314 436 3362 68.
454 3315 533 3363 Debita
541 3314 650 3379 jugum]
670 3313 720 3364 Res
735 3329 801 3363 rucco
816 3313 858 3363 de·
940 3313 982 3361 78.
1003 3313 1054 3362 Non
1063 3315 1146 3376 poterit
1160 3313 1222 3360 erodi
1235 3311 1325 3359 Mareu
1339 3311 1395 3359 rutro

363 3386 587 3436 biletettdflictu.
909 3384 970 3449 titt]
990 3384 1084 3434 Marcio
1094 3383 1143 3432 filit
1154 3383 1199 3434 ruit
1210 3383 1321 3450 Philippi,
1331 3399 1395 3448 quam

396 3461 436 3510 69.
449 3462 484 3508 Ad
492 3463 602 3510 modim
612 3460 705 3525 portu]
724 3460 763 3510 Ad
771 3469 795 3508 to
803 3475 858 3511 cou-
908 3458 969 3508 Cato
979 3459 1091 3524 posterior
1104 3473 1200 3508 uxorem
1216 3457 1285 3507 duxit
1299 3467 1347 3524 port
1363 3455 1395 3504 di·

363 3531 436 3598 fugio,
453 3541 567 3596 nuquam
584 3532 665 3598 egroti
684 3533 715 3582 td
733 3533 859 3583 medicum.
908 3531 1116 3582 vortiomAttilin.
1150 3533 1210 3582 Eun
1225 3531 1311 3580 deiude
1320 3531 1357 3578 illc
1366 3531 1393 3587 Q.

367 3607 592 3673 Venirfugicotr'bur.
626 3607 760 3656 Deficiente
777 3606 859 3672 opiritu
909 3606 1034 3656 Hortensio
1053 3606 1184 3656 concessit:
1213 3605 1243 3654 dc
1264 3620 1312 3671 quo
1330 3602 1395 3652 multe

364 3689 388 3732 ct
405 3680 527 3746 sanguiue.
559 3682 614 3738 Qut
630 3678 785 3728 similitudine
802 3679 860 3730 dicit
909 3681 1028 3730 Lucanus.
1050 3681 1119 3730 Hauc
1130 3679 1201 3745 igitur
1212 3687 1240 3728 ut
1250 3675 1394 3728 carusium

364 3769 447 3819 porum
457 3751 512 3801 vito
522 3751 706 3818 ribitupcrenc.
739 3753 812 3802 Mn.
909 3765 1040 3804 matronam
1048 3753 1122 3804 coluit
1132 3769 1190 3804 uxor
1200 3753 1291 3804 Ovidii.
1321 3753 1385 3800 Mur.

396 3827 436 3877 75.
448 3827 498 3874 Hoc
505 3827 671 3891 cartoro]
688 3827 794 3876 Fumilin
804 3834 860 3886 tun,
942 3829 985 3878 tt.
1000 3827 1216 3891 [irremotum]
1236 3827 1270 3876 Ut
1283 3825 1314 3876 tis
1323 3833 1395 3888 crptt·

364 3916 543 3966 quccrguuot
553 3900 781 3958 cunimundum
790 3901 862 3952 deboc
911 3901 955 3952 trix
977 3902 1064 3952 sororis
1087 3911 1112 3952 et
1132 3901 1306 3952 misericordie.
1330 3900 1393 3946 Mu·

363 3974 462 4024 iruittri.
495 3975 584 4038 Drpuo
597 3976 700 4024 mnu.
731 3973 862 4040 Aduquruu
912 3974 959 4024 Vel
975 3976 1039 4026 otiu
1052 3975 1181 4026 obtinendo
1194 3974 1252 4024 mibi
1266 3973 1337 4023 exsilii
1348 3987 1392 4018 oru-

365 4047 474 4110 pcrtiner,
485 4047 516 4096 de
530 4063 578 4113 qut
592 4049 721 4098 oummrir
737 4048 762 4096 in
778 4063 859 4098 centu.
909 4049 997 4099 tutione
1008 4051 1117 4100 omuibus
1131 4050 1228 4100 taudem
1243 4045 1364 4114 proripiet,
1372 4051 1393 4091 0¹
1469 4053 1470 4086 i

365 4121 521 4187 Uotquoquc
546 4123 609 4172 cuim
630 4123 729 4180 fmilia,
749 4131 775 4172 et
796 4131 860 4173 totus
908 4123 1003 4173 videare
1018 4123 1070 4189 ejus
1088 4125 1121 4176 rei
1142 4124 1263 4175 tdfectare
1283 4119 1389 4189 priucipa-

365 4196 465 4258 populuc
475 4197 620 4248 comburor.
653 4197 724 4247 Μιιι.
909 4206 968 4246 turn.
997 4197 1076 4246 Porr.
