2988 5116
348 391 416 458 ΛΕ
645 387 685 454 P.
709 385 872 454 0v1n11
895 385 1109 454 NASONIS

350 567 576 662 Cunctaque
585 585 704 662 quum
718 586 804 636 rnen
815 561 891 636 sint
900 585 1089 660 propenso
1098 563 1335 650 nixafnvore‚
1350 567 1401 637 15

400 679 640 780 Praecipuum
658 679 778 754 veniae
790 682 856 777 jus
873 677 989 754 hebet
1006 679 1069 754 ille
1087 681 1194 754 liber.

351 797 573 898 Spectatum
590 807 695 872 vates
714 797 776 870 alii
794 797 980 895 scripsere
997 797 1246 896 triumphurn.

401 913 472 990 Est
490 913 632 1012 aliquid
651 912 806 988 memori
824 913 904 986 visa
920 923 1053 988 notare
1071 937 1198 988 manu.

351 1031 433 1108 Nos
451 1055 497 1108 ea
512 1030 576 1104 vix
594 1030 743 1105 avidam
759 1031 873 1126 vulgo
890 1039 1045 1128 captata
1062 1055 1129 1128 per
1146 1053 1278 1105 aurern

402 1147 652 1247 Scripsimus:
682 1158 798 1246 atque
817 1148 914 1222 oculi
933 1146 1032 1222 fama
1049 1147 1153 1222 fuere
1171 1149 1258 1222 mei.
1349 1153 1402 1220 20

353 1265 508 1340 Scilicet
525 1262 697 1340 adfectus
715 1263 869 1350 similes,
889 1273 956 1336 aut
973 1261 1138 1361 impetus
1157 1262 1272 1348 idern,

403 1383 535 1457 Rebus
554 1383 601 1456 ab
620 1381 758 1456 auditis
776 1380 1068 1479 conspicuisque
1085 1379 1213 1454 veuit?

353 1497 436 1573 Nec
454 1499 552 1572 nitor
565 1497 722 1594 argenti,
742 1521 858 1596 quem
870 1519 937 1568 vos
952 1495 1111 1582 vidistis,
1129 1505 1170 1568 et
1187 1495 1282 1580 auri,

401 1613 513 1700 Quod
532 1613 624 1688 mihi
641 1611 816 1698 deluerit,
834 1635 1077 1710 purpuraque
1095 1611 1170 1698 illa,
1191 1635 1350 1708 queror:

353 1731 429 1806 Sed
447 1732 542 1818 loca,
562 1729 630 1804 sed
649 1739 782 1826 gentes
798 1727 967 1802 formate
985 1728 1087 1800 mille
1103 1727 1234 1824 figuris
1350 1731 1399 1800 25

401 1845 619 1920 Nutrlssent
636 1869 800 1932 carmen,
817 1845 1023 1945 proeliaque
1040 1844 1134 1942 ipsa,
1154 1867 1297 1918 meum.

351 1961 401 2036 Et
419 1985 549 2058 regum
566 1962 705 2048 vultus,
723 1962 935 2036 certissime
952 1960 1111 2060 pignora
1128 1961 1280 2049 mentis,

398 2077 593 2153 Juvissent
608 2077 736 2176 aliqua
751 2077 910 2152 forsitan
927 2077 1021 2151 illud
1038 2101 1146 2175 opus.
1330 2075 1334 2082 ’

350 2193 553 2269 Plausibus
571 2219 620 2269 ex
639 2193 731 2294 ipsis
749 2195 892 2294 populi,
909 2197 1072 2294 laetoque
1090 2195 1229 2280 lavore,

399 2309 600 2408 Ingenium
617 2312 778 2408 quodvis
797 2311 999 2388 incaluisse
1016 2322 1154 2410 potest.
1350 2316 1398 2384 30

348 2468 449 2518 lectores
460 2466 601 2523 concilient,
612 2467 670 2534 quie
683 2483 764 2518 eorum
777 2485 850 2536 opera
898 2479 935 2520 est
945 2467 1036 2526 verior,
1052 2477 1079 2516 ut
1096 2467 1135 2524 sit,
1149 2471 1248 2534 pignore
1264 2469 1354 2524 mestis,
1366 2469 1400 2516 in-

348 2543 542 2611 perselevorern
553 2542 706 2592 oontrrbunt.
898 2544 963 2594 dicis
971 2553 997 2594 et
1005 2541 1197 2608 οςυιὲωῑιοω.
1221 2541 1342 2590 thenirn
1351 2543 1402 2592 rul-

383 2617 421 2666 to.
440 2615 486 2666 lete
504 2615 581 2680 liben]
599 2615 707 2666 Libellus
722 2616 763 2666 ille
778 2632 849 2681 quem
899 2629 946 2675 tus,
960 2618 1028 2684 quusi
1048 2617 1147 2682 quidum
1166 2616 1255 2664 tacitus
1273 2617 1347 2665 enimi
1363 2617 1399 2666 in·

349 2691 425 2750 mitto,
442 2691 483 2742 ubi
499 2690 641 2740 describitur
651 2691 751 2740 &nus
766 2691 849 2742 triuu-
898 2693 955 2750 dex,
967 2693 1009 2758 qui
1021 2707 1102 2758 proen
1112 2699 1185 2756 etque
1195 2690 1239 2740 ille
1250 2689 1348 2740 sillem
1358 2701 1403 2748 est,

348 2765 411 2833 pbus
428 2764 528 2814 materie
547 2763 627 2832 smple
643 2773 668 2816 et
688 2781 782 2830 mogun,
795 2781 849 2830 que
899 2765 1228 2836 ipsequoqueletus,tr'utir,
1238 2766 1351 2832 pleddns
1361 2777 1402 2817 eut

348 2839 414 2888 eliud
448 2849 586 2906 exposceret
616 2837 745 2904 ingenium,
777 2855 850 2904 quem
900 2851 1033 2892 torvusest
1059 2841 1157 2890 Mrcrn.

349 2928 436 2962 meum.
933 2917 974 2965 28.
989 2915 1107 2964 lenimur
1125 2917 1203 2978 aliqu
1216 2913 1326 2980 fortites
1342 2917 1403 2965 illud

380 2989 421 3037 25.
432 2987 476 3036 Sed
487 2989 545 3044 loca,
556 2989 591 3038 uel
605 2988 704 3053 genten]
718 2989 762 3036 Sed
771 2997 850 3054 genter
900 2991 963 3056 ope]
986 2989 1089 3040 Prelero
1107 2989 1171 3056 quod
1187 2987 1213 3036 in
1227 2989 1336 3054 vulgetis
1353 2998 1403 3050 est;

349 3078 391 3112 sex
409 3071 528 3128 septemve
539 3073 643 3112 veteres:
663 3077 769 3111 nervose.
802 3061 849 3111 Sed
899 3065 1089 3128 uliqrwsorsitan
1103 3065 1237 3124 llludopue.
1260 3063 1349 3127 Aliquo
1363 3081 1403 3131 pro

348 3137 454 3187 locorum
465 3136 635 3203 descriptiones
645 3147 670 3186 et
678 3137 787 3203 picture,
796 3152 848 3201 que
900 3139 981 3204 eliqua
997 3147 1078 3204 psrte;
1094 3147 1121 3186 nt
1131 3137 1199 3202 Virg.
1210 3134 1296 3202 Eclng.
1306 3137 1343 3186 iii.
1357 3139 1401 3187 15:

349 3211 521 3278 triurnphantes
548 3209 701 3278 lupentores
729 3211 849 3277 precede-
1012 3213 1177 3274 sinoncliqus
1185 3213 1305 3259 nocuisses.

349 3287 415 3334 bunt.
442 3287 490 3334 Per
501 3286 554 3334 loce
566 3295 655 3342 uutenn
666 3295 708 3335 eut
717 3286 794 3342 urbes,
808 3293 850 3334 ent
931 3289 972 3337 29.
995 3287 1102 3351 Fecere]
1128 3285 1229 3352 Fregon
1250 3286 1343 3342 melin,
1365 3287 1402 3334 vel

349 3375 446 3425 campos
464 3359 505 3408 ubi
531 3369 605 3425 perte
631 3361 723 3410 luerem
744 3359 849 3408 victorie
899 3377 995 3410 cenom
1012 3376 1067 3409 nero
1078 3361 1171 3427 securis
1187 3359 1271 3426 paullo
1291 3367 1345 3424 poet
1362 3375 1399 3408 se-

348 3431 493 3498 pngnend03
510 3443 534 3481 et
547 3433 604 3498 quie
617 3433 752 3500 hujusmodi
767 3433 850 3498 prelio
900 3435 987 3500 quitur.
1014 3435 1143 3485 ttsrssros.
1176 3433 1211 3482 At
1225 3435 1289 3482 enirn
1311 3435 1337 3482 in
1354 3433 1401 3482 elio

347 3509 414 3572 picta
423 3506 549 3572 preibant,
560 3516 585 3555 et
598 3507 623 3556 in
638 3517 787 3573 pugnantum
797 3521 848 3555 cor·
899 3525 969 3558 sensu
980 3517 1084 3559 sumtum
1095 3508 1211 3574 sequitur.
1234 3507 1327 3572 Atque,
1337 3507 1401 3572 quod

349 3581 446 3647 poribus
460 3581 532 3630 serie
550 3583 750 3631 erentvulnerunr
768 3591 793 3630 et
809 3599 849 3632 ce·
892 3583 977 3648 snum
999 3582 1029 3632 de
1054 3583 1133 3632 studio
1153 3581 1257 3647 purim
1276 3583 1402 3648 eccipitur,

348 3655 456 3705 dentium
477 3655 572 3716 lorne,
594 3657 648 3705 ideo
664 3657 795 3722 subjungit,
812 3657 848 3706 vel
900 3657 997 3706 Cornel.
1013 3675 1070 3706 xxv.
1085 3661 1111 3707 ⁴2.
1122 3661 1147 3706 2.
1167 3673 1210 3708 cur
1228 3673 1276 3706 non
1296 3657 1322 3705 b.
1336 3655 1354 3704 l.
1371 3659 1403 3706 de

349 3741 432 3796 gentes
442 3731 548 3780 formate
560 3731 625 3780 mille
636 3731 725 3796 liguris.
900 3731 979 3780 studio
998 3731 1088 3780 Tiberii
1111 3731 1243 3796 domusque
1266 3731 1405 3796 Auguste!

380 3809 423 3857 to.
445 3805 576 3856 ll'ntn'rrent
596 3823 694 3862 tormen,
714 3807 772 3870 δια]
791 3807 849 3857 Cer-
900 3803 955 3856 dein
973 3807 1095 3855 Drekenb.
1112 3805 1143 3854 ed
1158 3805 1202 3853 Sil.
1215 3804 1273 3852 Itel.
1285 3805 1334 3854 xri.
1346 3805 1404 3854 ³15.

348 3884 407 3934 ruini
423 3897 476 3932 meo
492 3882 593 3947 gretiurn
609 3881 759 3932 adtulissent.
786 3883 850 3931 Pru·
900 3881 961 3930 bene
978 3890 1065 3936 nronet,
1076 3881 1195 3946 docteque
1210 3879 1322 3934 illustret,
1330 3881 1405 3944 secur

350 3960 481 4022 ltaqueipsn
493 3973 574 4004 meum.
603 3955 633 4004 Et
645 3955 702 4022 lpse
714 3955 848 4022 proeliorum
899 3963 923 4004 et
931 3955 1017 4020 serere
1033 3955 1138 4020 proprius
1153 3967 1203 4002 esse
1219 3967 1298 4006 voces.
1315 3953 1404 4018 quibus

348 4033 525 4098 descriptiones.
898 4045 945 4077 non
956 4029 1031 4077 solum
1042 4028 1157 4084 studium,
1171 4043 1218 4092 quo
1228 4027 1333 4093 populus
1347 4043 1406 4091 erge

381 4111 421 4157 27.
438 4107 468 4154 Et
486 4125 564 4172 reg-um
580 4107 658 4155 uultur
673 4109 797 4154 certissimo
812 4107 847 4167 pl-
899 4103 961 4152 bunc
978 4103 1017 4152 vel
1034 4103 1102 4152 illam
1120 4103 1255 4168 aurigarum
1275 4103 1405 4151 sennonem

347 4199 421 4248 gnum
432 4182 529 4246 gentle]
549 4181 587 4230 lta
599 4180 696 4246 quidem
706 4180 792 4244 uulgo:
806 4179 847 4228 sed
899 4179 1016 4235 adficitur,
1032 4178 1159 4234 iudicetur,
1174 4177 1217 4226 sed
1232 4177 1307 4226 etiem
1326 4175 1403 4224 solite

349 4257 390 4306 elii
406 4259 502 4322 pignora
517 4261 598 4306 mentis
608 4256 699 4321 legunt,
711 4271 764 4318 que
776 4253 848 4303 lectio
899 4252 1095 4311 edelemntionee,
1111 4251 1198 4316 quibus
1215 4249 1322 4300 studium
1341 4249 1404 4298 indi-
