3064 5104
321 349 366 416 38
616 357 655 420 P.
681 357 840 422 OVIDll
866 349 1079 423 NASONIS

287 593 294 604 ,
324 523 407 598 Nec
426 526 610 622 platanus,
630 530 700 601 nisi
718 553 812 616 sera,
833 541 957 628 potest
973 531 1155 604 obsistere
1175 527 1343 604 Phoebo:

376 639 426 713 Et
443 640 585 716 laedunt
601 644 721 716 nudos
739 655 845 742 prata
863 645 1008 718 novella
1025 645 1155 743 pedes.

324 754 479 830 Scilicet
497 755 726 832 Hermionen
747 759 902 835 Helenae
920 785 1138 860 praeponere
1155 759 1318 858 posses?

374 867 424 942 Et
441 871 571 945 melior
590 873 729 970 Gorge,
749 899 862 972 quam
881 899 952 949 sua
967 887 1097 962 mater,
1117 875 1224 949 eratl
1296 877 1372 946 700

321 981 383 1056 Ad
403 983 586 1060 Venerem
605 989 834 1088 quicumque
851 990 953 1064 voles
971 991 1158 1087 attingere
1173 1011 1313 1074 seram,

375 1098 416 1170 Si
434 1102 546 1174 modo
564 1104 720 1190 duraris,
740 1107 895 1204 praemia
910 1107 1025 1202 digna
1040 1107 1151 1180 feres

323 1213 509 1289 Conscius
527 1241 616 1292 eece
633 1221 729 1293 duos
747 1224 893 1321 accepit
910 1223 1029 1296 lectus
1047 1232 1242 1296 amantes:

371 1327 432 1403 Ad
450 1332 603 1407 thalami
621 1336 781 1424 clausas,
798 1337 923 1426 Musa,
943 1339 1074 1412 resiste
1092 1339 1203 1412 sores.

323 1441 467 1542 Sponte
484 1449 567 1535 sud,
587 1450 667 1524 sine
684 1462 734 1537 te,
753 1453 997 1528 celeberrima
1013 1455 1127 1528 verba
1143 1454 1370 1550 loquentur:

373 1559 455 1633 Nec
473 1586 606 1636 manus
623 1566 661 1636 in
678 1567 776 1639 lecto
793 1568 888 1641 laeva
898 1569 1042 1664 jacebit
1058 1569 1171 1642 iners.
1296 1570 1373 1639 706

322 1671 519 1749 Invenient
534 1677 654 1772 digiti,
673 1680 775 1774 quod
794 1692 906 1777 agant
924 1683 961 1754 in
979 1683 1148 1781 partibus
1167 1683 1255 1767 illis,
1304 1717 1307 1726 ’

374 1787 420 1860 In
437 1790 575 1886 quibus
593 1794 741 1866 occulte
758 1797 904 1893 spicula
918 1797 1000 1893 figit
1016 1799 1146 1872 Amor.

322 1901 431 1976 Fecit
439 1903 476 1975 in
486 1903 748 1981 Andromache
763 1911 865 2006 prius
878 1911 948 1985 hoo
963 1912 1188 1986 fortissimus
1200 1909 1369 1994 Hector;

374 2015 457 2088 Nec
475 2018 595 2090 solum
614 2020 721 2093 bellis
741 2025 840 2097 utilis
858 2027 920 2108 ille
937 2027 1020 2101 suit.
1295 2031 1373 2098 710

245 2153 249 2158 ’
324 2127 432 2203 Fecit
447 2142 487 2203 et
502 2131 540 2202 in
558 2137 671 2231 capta
691 2135 897 2234 Lyrneside
913 2167 1071 2240 magnus
1089 2143 1276 2228 Achilles,

374 2242 473 2314 Cum
492 2260 677 2342 premeret
694 2253 842 2326 mollem
861 2257 981 2330 lassus
999 2260 1047 2331 ab
1065 2258 1174 2332 hoste
1191 2269 1335 2331 torum.

324 2355 405 2428 Illis
424 2367 461 2430 te
479 2361 581 2454 tangi
600 2363 784 2452 manibus,
805 2367 938 2456 Brisei,
958 2371 1121 2457 sinebas,

375 2468 534 2542 Imbutae
553 2472 721 2572 Phrygia
740 2501 823 2574 quae
841 2505 932 2558 nece
948 2509 1096 2583 semper
1113 2497 1234 2560 erant.

322 2582 384 2654 An
402 2581 471 2655 fuit
488 2584 557 2657 hoc
575 2587 710 2685 ipsum,
730 2596 831 2690 quod
849 2608 899 2684 te,
918 2601 1067 2686 lasciva,
1081 2602 1248 2697 juvaret,
1294 2605 1373 2674 715

374 2695 435 2767 Ad
453 2707 518 2770 tua
534 2701 703 2777 victrices
722 2710 889 2782 membra
905 2714 1029 2786 venire
1047 2715 1207 2788 manusl

324 2810 450 2884 Crede
468 2813 569 2898 mihi,
590 2840 662 2888 non
680 2831 738 2892 est
752 2821 907 2898 Veneris
925 2831 1160 2924 properanda
1171 2830 1372 2928 voluptas3

377 2923 454 2995 Sed
471 2928 608 3000 sensim
626 2933 732 3004 tardd
749 2939 977 3030 prolicienda
993 2947 1111 3017 morai.

357 3172 415 3218 700.
441 3171 471 3218 Et
491 3175 568 3221 melior
586 3175 669 3240 Gorge,
689 3195 755 3239 nrum
776 3199 817 3232 raa
867 3187 942 3252 Epist.
952 3190 1007 3238 xvii.
1018 3193 1074 3240 251.
1105 3193 1297 3257 Seqrtietiarnet
1312 3198 1376 3260 loqui

322 3253 397 3292 mater
406 3243 475 3305 erat]
487 3243 575 3296 althea
583 3247 636 3294 scil.
646 3249 767 3312 Nupserat
775 3269 817 3304 au·
866 3258 952 3322 partim
968 3264 1126 3314 confuderunt
1136 3267 1250 3317 librarii.
1274 3271 1376 3320 celeber-

322 3327 373 3366 tem
384 3315 462 3378 Gorge
473 3315 633 3372 Andrremoni,
647 3334 676 3366 ex
694 3335 741 3384 quo
751 3325 816 3388 Oxy·
866 3333 926 3380 rium
944 3332 1108 3398 interpretatur
1118 3339 1207 3390 Dona
1220 3345 1331 3403 paruum,
1347 3351 1376 3392 nt

322 3391 374 3438 lum
395 3387 508 3451 suscepit,
527 3404 574 3452 quo
591 3389 662 3446 duce,
681 3393 818 3446 Heraclides
866 3402 927 3451 dixit
942 3405 985 3453 lib.
995 3407 1029 3456 iii.
1039 3408 1121 3459 Amor.
1132 3413 1155 3461 7.
1167 3429 1216 3462 non
1234 3431 1309 3480 nego.
1332 3416 1377 3466 scd

322 3462 511 3524 Peloponnesum
518 3475 655 3525 recuperare
662 3471 817 3516 tentaverunt
866 3475 929 3522 addo
944 3477 1013 3528 simul
1029 3492 1109 3532 notare
1120 3501 1185 3552 crepe
1195 3490 1313 3554 repetita,
1325 3490 1376 3540 vid.

322 3535 429 3584 pausam
455 3531 529 3578 Phoc.
558 3532 656 3582 xxxviii.
682 3535 817 3599 Apollodor.
866 3545 943 3595 edili.
952 3548 1033 3599 Amor.
1043 3569 1066 3602 v.
1077 3557 1101 3604 3.
1134 3559 1226 3611 Burri.

323 3603 469 3657 Bibliothee.
478 3602 523 3651 lib.
533 3603 549 3651 i.
560 3619 583 3652 c.
595 3606 619 3652 8.
651 3605 740 3656 Arrun.
899 3619 954 3667 711.
967 3622 1086 3689 Magno]
1101 3629 1282 3698 FortirAprorii
1290 3645 1318 3685 et
1326 3636 1378 3686 duo

358 3679 416 3725 705.
434 3675 542 3737 Sinera]
561 3676 615 3724 Sina
631 3679 818 3732 nrael'rancoloet
867 3690 917 3746 alii,
938 3693 1001 3754 quod
1027 3711 1168 3762 perpetuum
1194 3705 1246 3756 fere
1268 3709 1380 3759 Achillis

324 3749 414 3802 Mureti
424 3764 478 3796 cum
489 3749 563 3812 prima
570 3749 671 3796 editione
680 3769 686 3796 :
704 3763 730 3798 ut
738 3769 819 3804 sensns
863 3761 1002 3825 Epitheton.
1011 3769 1060 3818 rid.
1070 3773 1114 3837 Ep.
1123 3776 1175 3824 xiii.
1186 3780 1245 3829 1³7.
1253 3791 1280 3828 et
1288 3783 1308 3830 i.
1317 3783 1378 3832 Am.

323 3825 364 3883 git,
375 3822 420 3872 etsi
431 3837 476 3884 ego
486 3821 544 3870 nihil
554 3821 699 3885 precipiam.
717 3825 757 3872 sed
768 3843 817 3876 rec·
868 3834 901 3880 ix.
912 3837 951 3882 33.
961 3839 1001 3886 ubi
1016 3842 1100 3894 similis
1109 3849 1229 3901 varietas:
1248 3855 1294 3904 sed
1312 3873 1377 3918 prn-

323 3901 373 3950 tius
388 3895 524 3946 adMnsntn
540 3895 679 3956 Magistrum
694 3912 769 3944 sermo
785 3900 819 3947 fit.
868 3907 947 3962 cessit,
951 3911 1090 3972 fortissimus
1101 3919 1200 3972 Hector.
1236 3927 1332 3978 Bunrr.

323 3969 412 4022 deinde
422 3966 510 4022 malim,
522 3969 588 4014 uerbo
596 3977 726 4029 notantur,
737 3979 818 4033 sponte
901 3977 958 4026 tle.
977 3983 1052 4034 Tarda
1058 3994 1199 4053 perficienda
1207 4003 1301 4065 marm]
1316 4004 1380 4052 Pro.

325 4045 450 4112 1²¹⁰fl²¹²¹¹l
471 4039 504 4100 ru
525 4055 565 4086 ”m
586 4041 652 4122 ''f'll
676 4044 736 4102 ’Ψ
756 4057 817 4106 ⁸³⁹⁹
861 4051 936 4106 1³⁶⁶*
946 4052 1067 4120 Scioppius
1077 4063 1121 4113 us.
1132 4066 1166 4116 ur.
1177 4070 1295 4137 suspect.
1305 4077 1379 4126 [εει.

324 4117 396 4173 dixit,
404 4113 458 4162 ride
469 4113 520 4162 loca
526 4113 664 4162 abllemsro
675 4113 776 4164 adducta
788 4119 817 4165 ad
869 4135 923 4183 cap.
935 4124 975 4170 20.
984 4127 1052 4176 donst
1061 4136 1198 4190 aCieemnr
1210 4155 1236 4194 et
1248 4147 1308 4198 aliis
1321 4153 1380 4215 poni
