3006 5122
342 309 409 376 264
635 307 675 372 P.
698 305 861 372 OVIDll
886 306 1100 374 anoms

345 481 381 556 N
385 505 429 556 ec
447 481 538 556 dare
556 491 641 556 tura
657 479 764 568 libet,
784 481 876 554 nihil
894 469 1090 576 errorautia
1108 481 1251 572 Divos3
1299 501 1306 508 ·

395 597 440 672 In
459 598 575 672 tantis
593 599 760 672 subeunt
777 621 846 672 nec
865 599 966 672 bona
982 599 1097 672 verba
1112 599 1236 674 malis.

345 715 386 788 Si
405 727 531 790 tamen
549 725 609 790 est
627 715 770 812 aliquid
788 715 897 788 nobis
914 716 986 788 hec
1004 715 1089 790 luce
1102 716 1333 815 petendum,
1351 717 1395 786 25

394 831 439 906 In
459 833 542 907 loca
559 857 607 906 ne
625 832 759 906 redeas
777 833 940 931 amplius
958 832 1043 918 ista,
1062 857 1215 932 precor;
1472 929 1473 936 ἵ

344 947 446 1023 Dum
464 973 538 1038 me,
557 961 739 1024 terrarum
759 973 846 1047 pars
868 973 976 1048 paene
995 949 1209 1034 novissima,
1230 946 1392 1029 Pontus,

393 1063 532 1139 Euxini
550 1065 643 1140 salso
662 1065 812 1140 nomine
829 1065 967 1153 dictus,
986 1066 1115 1140 habet.

659 1485 926 1560 ELEGIA
963 1485 1072 1560 XIV.

341 1637 513 1712 Cunron
531 1648 571 1711 et
588 1636 747 1712 antistes
765 1637 962 1710 doctorum
981 1644 1111 1710 sancte
1128 1635 1307 1736 virorum,

390 1751 465 1838 Qui
483 1752 575 1828 sacis
594 1753 744 1850 ingenio
763 1777 913 1853 semper
930 1753 1050 1827 amice
1068 1777 1174 1840 meo;

340 1867 503 1966 Ecquid,
516 1878 559 1941 ut
574 1870 801 1946 incolumem
813 1873 1005 1970 quondam
1020 1871 1212 1946 celebrare
1225 1866 1386 1946 solebas,

390 1983 426 2056 N
430 2008 502 2058 unc
522 2009 687 2083 quoque,
708 2013 755 2061 ne
772 1987 900 2062 videar
918 1997 1021 2061 totus
1040 1987 1188 2073 abesse,
1207 1981 1346 2058 caves?

340 2099 512 2198 Suscipis
531 2104 703 2200 exceptis
722 2103 860 2202 ecquid
878 2128 964 2178 mea
981 2102 1148 2178 carmina
1165 2101 1256 2174 solis
1363 2099 1384 2166 5

386 2215 556 2305 Artibus,
576 2219 709 2294 artifici
728 2243 813 2318 quoe
832 2243 994 2294 nocuere
1014 2221 1109 2294 suol

337 2331 461 2407 Immo
478 2333 531 2407 ita
548 2333 619 2422 lac,
637 2346 779 2424 vatum,
799 2359 941 2433 quaeso,
962 2335 1129 2410 studiose
1147 2357 1349 2418 novorum,

387 2447 550 2549 Quaque
569 2461 691 2550 potes,
711 2451 830 2526 retine
848 2475 986 2552 corpus
1005 2451 1042 2526 in
1061 2452 1154 2526 urbe
1172 2473 1312 2524 meum.

333 2739 494 2794 νιώήαιωα,
505 2735 575 2785 Trist.
586 2735 617 2784 ir.
630 2737 670 2784 El.
683 2736 714 2786 iv.
727 2753 775 2788 vor.
786 2740 832 2788 bb:
921 2740 943 2786 l.
960 2737 1081 2801 Arctoo]
1098 2737 1147 2796 Qui
1158 2735 1381 2786 alioeomnerante

334 2811 361 2862 in
370 2811 441 2862 Ibide
452 2820 540 2870 lernen,
553 2827 601 2860 ver.
612 2813 671 2860 10⁴:
885 2812 958 2869 codis,
975 2830 999 2879 q.
1014 2811 1174 2878 προστάτηςι
1192 2811 1268 2860 ductu
1280 2809 1381 2878 adpelli·
1477 2813 1478 2836 ¹

366 2885 421 2934 lam
435 2895 490 2942 rtet,
505 2896 532 2934 ut
546 2888 591 2949 ipre
605 2887 776 2953 vides,firneris
791 2903 834 2934 nro
885 2885 948 2936 tione
959 2887 997 2934 vel
1008 2903 1024 2935 n
1034 2902 1059 2936 re
1070 2885 1175 2941 milituri,
1186 2885 1225 2934 rel
1237 2901 1254 2934 ι
1267 2898 1381 2934 socruum

399 2963 443 3010 tui.
709 2961 801 3011 Herus.
884 2959 1062 3010 coneretudine.
1094 2960 1194 3008 Bursa.

366 3036 406 3084 2⁵.
424 3034 448 3081 Si
464 3045 539 3082 tomen
550 3045 581 3083 ert
593 3036 681 3098 aliquid
692 3039 762 3094 nobit,
773 3037 831 3100 δια]
917 3039 941 3084 5.
957 3033 1075 3098 Suscipit]
1094 3035 1139 3084 Ed.
1148 3043 1195 3082 ret.
1206 3041 1230 3082 et
1240 3033 1311 3102 ers-dd.
1320 3029 1380 3081 nand

334 3109 387 3174 Hoc
400 3107 467 3166 dicit,
482 3109 539 3173 quia
557 3109 661 3158 natalem
674 3110 832 3168 celebrantes,
884 3108 955 3176 pauci
966 3111 1062 3174 colligis,
1073 3109 1136 3172 quod
1147 3107 1256 3172 sequitur
1265 3107 1382 3160 Heinsius.

333 3197 348 3231 ι
360 3183 414 3232 Diir
424 3181 515 3246 aliquid
528 3183 649 3248 petebant.
883 3189 908 3232 et
919 3181 1110 3248 interpretaberis
1120 3181 1150 3229 de
1163 3181 1241 3230 studio
1253 3181 1332 3237 amici,
1343 3177 1380 3246 qui

365 3257 405 3305 27.
424 3255 483 3304 Part
491 3273 554 3319 pene
569 3259 685 3304 mvlttlmll
699 3255 769 3305 Ponti
786 3257 834 3305 Eu·
884 3273 955 3324 opera
970 3256 1052 3306 Ovidii
1069 3265 1093 3305 et
1111 3255 1255 3322 reliquorum
1273 3267 1380 3304 novorum

330 3329 420 3393 sinu]
441 3329 529 3378 Pontus
539 3329 608 3378 multi
620 3339 722 3378 veteres.
738 3329 833 3380 Scribe:
884 3341 1007 3396 poetarum
1030 3329 1156 3396 diligenter
1176 3329 1269 3394 colligit
1288 3339 1313 3378 et
1330 3343 1382 3378 eon·

365 3403 429 3452 Dum
439 3421 482 3460 ruo,
493 3413 607 3452 terrarum
617 3421 671 3468 pure
683 3422 745 3467 pune
760 3409 837 3472 κονίῃ
885 3405 965 3471 quirit.
991 3404 1024 3452 At
1036 3403 1120 3452 Burm.
1132 3404 1174 3469 qui
1185 3403 1253 3452 malit
1265 3403 1296 3452 de
1307 3413 1380 3470 petro-

428 3480 493 3536 rirno,
507 3479 602 3535 Pontus,
884 3479 947 3530 cinio
963 3495 1057 3545 cepero,
1068 3479 1116 3527 vid.
1128 3497 1167 3528 vv.
1181 3479 1220 3535 15,
1234 3479 1272 3526 16.
1291 3489 1316 3528 et
1329 3477 1382 3544 quic

398 3552 552 3618 Ettrinifalto
563 3556 652 3601 nomine
663 3554 747 3611 dictru,
760 3555 834 3602 lubet.
883 3557 990 3620 colligere
1000 3555 1092 3620 proprie
1109 3553 1171 3602 idern
1188 3561 1233 3611 eet,
1245 3554 1312 3618 quod
1327 3567 1381 3603 tern-

711 3627 801 3676 Hrrss.
884 3645 956 3694 quum
975 3627 1108 3693 expositum
1125 3636 1219 3694 parturn
1237 3627 1312 3686 tollis,
1327 3629 1380 3678 Ori-

332 3699 407 3750 Iteet
424 3701 518 3766 legebat
535 3701 692 3768 Tanaquillus
711 3703 788 3752 Faber
803 3702 834 3752 ed
883 3701 938 3752 dius
964 3711 1043 3752 autern
1069 3717 1112 3752 sua
1139 3701 1245 3752 carmine
1272 3703 1381 3767 agnoscit,

331 3775 467 3835 Pbednrm,
478 3776 521 3826 lib.
532 3777 565 3826 iv.
577 3777 662 3826 Fibul.
673 3775 704 3824 vi.
883 3777 956 3826 mittit
974 3777 1059 3836 amico,
1079 3793 1126 3826 non
1141 3777 1245 3844 projicit,
1262 3778 1305 3826 sed
1325 3787 1380 3828 tam·

364 3852 404 3900 28.
424 3851 530 3900 Eurinus
532 3852 606 3917 falso,
617 3851 675 3914 bro]
696 3851 759 3900 Num
771 3852 835 3900 circu
883 3868 956 3917 quarn
963 3853 1079 3902 infumata
1087 3851 1218 3918 patrocinio
1225 3853 1380 3908 commendat,

330 3924 450 3976 Euxinum
462 3927 516 3978 loca
527 3935 582 3976 sunt
594 3925 729 3992 asperrime,
740 3935 766 3975 et
776 3927 833 3984 lero,
884 3927 1002 3993 rescripsit
1012 3931 1112 3990 suscipis,
1123 3925 1186 3992 quod
1198 3925 1292 3992 paboni
1303 3937 1347 3983 est.
1357 3934 1380 3976 ut

303 4027 316 4052 x
330 4011 461 4068 genusque
481 4001 555 4052 etiam
576 4001 688 4056 immites.
706 4017 780 4065 quum
802 4001 832 4050 nb
882 3999 976 4050 inlrnv.
988 4003 1011 4050 6.
1023 4003 1047 4050 ³.
1081 4002 1194 4052 Hennes.

330 4076 465 4143 inhospitali
476 4077 576 4134 feritate,
588 4075 674 4126 rectius
686 4077 776 4124 ,lienus
788 4075 829 4124 nd·
915 4075 940 4123 7.
960 4073 1099 4138 Neronum]
1124 4074 1147 4122 h.
1160 4091 1181 4122 e.
1199 4073 1241 4139 qui
1261 4075 1306 4126 hoe
1324 4083 1380 4126 tem·

328 4152 494 4216 pellamur„
547 4146 552 4158 ‘
880 4165 934 4212 pore
953 4149 1044 4208 visunt,
1061 4165 1119 4214 quos
1137 4149 1211 4198 tueris
1229 4163 1252 4198 et
1272 4151 1379 4200 mast
