<?xml version="1.0" encoding="UTF-8"?>
<!DOCTYPE html PUBLIC "-//W3C//DTD XHTML 1.0 Transitional//EN"
    "http://www.w3.org/TR/xhtml1/DTD/xhtml1-transitional.dtd">
<html xmlns="http://www.w3.org/1999/xhtml" xml:lang="en" lang="en">
 <head>
  <title>
</title>
<meta http-equiv="Content-Type" content="text/html;charset=utf-8" />
  <meta name='ocr-system' content='tesseract 3.04.00' />
  <meta name='ocr-capabilities' content='ocr_page ocr_carea ocr_par ocr_line ocrx_word'/>
</head>
<body>
  <div class='ocr_page' id='page_1' title='image "./povidiinasoniso09burmgoog_0191.png"; bbox 0 0 3020 5106; ppageno 0'>
   <div class='ocr_carea' id='block_1_1' title="bbox 270 368 1250 446">
    <p class='ocr_par' dir='ltr' id='par_1_1' title="bbox 270 368 1250 446">
     <span class='ocr_line' id='line_1_1' title="bbox 270 368 1250 446; baseline 0.01 -9"><span class='ocrx_word' id='word_1_1' title='bbox 270 368 513 438; x_wconf 77' lang='lat' dir='ltr'><strong>TRIS&#39;l&#39;thl</strong></span> <span class='ocrx_word' id='word_1_2' title='bbox 537 371 629 436; x_wconf 90' lang='lat' dir='ltr'>LIB.</span> <span class='ocrx_word' id='word_1_3' title='bbox 654 371 702 436; x_wconf 91' lang='lat'><strong>11.</strong></span> <span class='ocrx_word' id='word_1_4' title='bbox 727 372 797 438; x_wconf 72' lang='grc' dir='ltr'><strong>ΕΒ.</strong></span> <span class='ocrx_word' id='word_1_5' title='bbox 821 371 989 442; x_wconf 84' lang='lat' dir='ltr'><strong>UNICA.</strong></span> <span class='ocrx_word' id='word_1_6' title='bbox 1104 377 1172 446; x_wconf 74' lang='lat'><strong>2⁰8</strong></span> <span class='ocrx_word' id='word_1_7' title='bbox 1246 376 1250 385; x_wconf 77' lang='grc'>’</span> 
     </span>
    </p>
   </div>
   <div class='ocr_carea' id='block_1_2' title="bbox 112 545 1171 2610">
    <p class='ocr_par' dir='ltr' id='par_1_2' title="bbox 112 545 1088 764">
     <span class='ocr_line' id='line_1_2' title="bbox 112 545 1088 644; baseline 0.005 -24"><span class='ocrx_word' id='word_1_8' title='bbox 112 545 301 634; x_wconf 84' lang='lat' dir='ltr'><strong>Cornan,</strong></span> <span class='ocrx_word' id='word_1_9' title='bbox 322 545 510 642; x_wconf 84' lang='lat' dir='ltr'><strong>Argolicis</strong></span> <span class='ocrx_word' id='word_1_10' title='bbox 527 545 655 644; x_wconf 87' lang='lat' dir='ltr'><strong>potius</strong></span> <span class='ocrx_word' id='word_1_11' title='bbox 672 568 759 643; x_wconf 77' lang='lat' dir='ltr'><strong>qua</strong></span> <span class='ocrx_word' id='word_1_12' title='bbox 777 549 944 624; x_wconf 83' lang='lat' dir='ltr'>concidit</span> <span class='ocrx_word' id='word_1_13' title='bbox 962 551 1088 639; x_wconf 90' lang='lat' dir='ltr'><strong>armis,</strong></span> 
     </span>
     <span class='ocr_line' id='line_1_3' title="bbox 158 662 1020 764; baseline 0.009 -30"><span class='ocrx_word' id='word_1_14' title='bbox 158 662 315 736; x_wconf 84' lang='lat' dir='ltr'><strong>Vexata</strong></span> <span class='ocrx_word' id='word_1_15' title='bbox 333 673 395 736; x_wconf 86' lang='lat' dir='ltr'><strong>est</strong></span> <span class='ocrx_word' id='word_1_16' title='bbox 410 663 545 735; x_wconf 89' lang='lat' dir='ltr'><strong>iterum</strong></span> <span class='ocrx_word' id='word_1_17' title='bbox 563 662 741 750; x_wconf 84' lang='lat' dir='ltr'>carmine,</span> <span class='ocrx_word' id='word_1_18' title='bbox 761 665 887 764; x_wconf 50' lang='lat' dir='ltr'><strong>Trojass</strong></span> <span class='ocrx_word' id='word_1_19' title='bbox 906 669 1020 742; x_wconf 83' lang='lat' dir='ltr'><strong>meol</strong></span> 
     </span>
    </p>

    <p class='ocr_par' dir='ltr' id='par_1_3' title="bbox 115 776 1171 996">
     <span class='ocr_line' id='line_1_4' title="bbox 115 776 1078 864; baseline 0.01 -14"><span class='ocrx_word' id='word_1_20' title='bbox 115 777 191 851; x_wconf 89' lang='lat' dir='ltr'><strong>Cur</strong></span> <span class='ocrx_word' id='word_1_21' title='bbox 206 777 314 852; x_wconf 88' lang='lat' dir='ltr'><strong>tacui</strong></span> <span class='ocrx_word' id='word_1_22' title='bbox 334 776 500 864; x_wconf 73' lang='lat' dir='ltr'><strong>Thebae,</strong></span> <span class='ocrx_word' id='word_1_23' title='bbox 519 787 559 852; x_wconf 90' lang='lat' dir='ltr'><strong>et</strong></span> <span class='ocrx_word' id='word_1_24' title='bbox 576 789 708 852; x_wconf 86' lang='lat' dir='ltr'><strong>mutua</strong></span> <span class='ocrx_word' id='word_1_25' title='bbox 723 781 879 856; x_wconf 84' lang='lat' dir='ltr'><strong>vulnera</strong></span> <span class='ocrx_word' id='word_1_26' title='bbox 895 782 1078 860; x_wconf 75' lang='lat' dir='ltr'><strong>fratrum?</strong></span> 
     </span>
     <span class='ocr_line' id='line_1_5' title="bbox 160 892 1171 996; baseline 0.006 -28"><span class='ocrx_word' id='word_1_27' title='bbox 160 892 212 968; x_wconf 90' lang='lat' dir='ltr'><strong>Et</strong></span> <span class='ocrx_word' id='word_1_28' title='bbox 229 905 386 993; x_wconf 85' lang='lat' dir='ltr'><strong>septem</strong></span> <span class='ocrx_word' id='word_1_29' title='bbox 403 905 544 993; x_wconf 88' lang='lat' dir='ltr'><strong>portas,</strong></span> <span class='ocrx_word' id='word_1_30' title='bbox 563 893 634 966; x_wconf 90' lang='lat' dir='ltr'><strong>sub</strong></span> <span class='ocrx_word' id='word_1_31' title='bbox 653 893 750 968; x_wconf 91' lang='lat' dir='ltr'><strong>duce</strong></span> <span class='ocrx_word' id='word_1_32' title='bbox 768 919 959 996; x_wconf 87' lang='lat' dir='ltr'><strong>quamque</strong></span> <span class='ocrx_word' id='word_1_33' title='bbox 977 902 1071 975; x_wconf 83' lang='lat' dir='ltr'><strong>suol</strong></span> <span class='ocrx_word' id='word_1_34' title='bbox 1095 907 1171 976; x_wconf 84' lang='lat'><strong>320</strong></span> 
     </span>
    </p>

    <p class='ocr_par' dir='ltr' id='par_1_4' title="bbox 115 1008 1065 1226">
     <span class='ocr_line' id='line_1_6' title="bbox 115 1008 1065 1112; baseline 0.008 -29"><span class='ocrx_word' id='word_1_35' title='bbox 115 1008 193 1085; x_wconf 89' lang='lat' dir='ltr'><strong>Nec</strong></span> <span class='ocrx_word' id='word_1_36' title='bbox 212 1011 309 1084; x_wconf 92' lang='lat' dir='ltr'><strong>mihi</strong></span> <span class='ocrx_word' id='word_1_37' title='bbox 328 1011 525 1086; x_wconf 83' lang='lat' dir='ltr'><strong>materiam</strong></span> <span class='ocrx_word' id='word_1_38' title='bbox 542 1010 719 1084; x_wconf 87' lang='lat' dir='ltr'><strong>bellatrix</strong></span> <span class='ocrx_word' id='word_1_39' title='bbox 739 1011 864 1087; x_wconf 86' lang='lat' dir='ltr'><strong>Roma</strong></span> <span class='ocrx_word' id='word_1_40' title='bbox 880 1017 1065 1112; x_wconf 86' lang='lat' dir='ltr'><strong>negabat:</strong></span> 
     </span>
     <span class='ocr_line' id='line_1_7' title="bbox 162 1125 987 1226; baseline 0.007 -26"><span class='ocrx_word' id='word_1_41' title='bbox 162 1127 212 1200; x_wconf 91' lang='lat' dir='ltr'><strong>Et</strong></span> <span class='ocrx_word' id='word_1_42' title='bbox 229 1127 320 1226; x_wconf 89' lang='lat' dir='ltr'><strong>pius</strong></span> <span class='ocrx_word' id='word_1_43' title='bbox 339 1138 411 1213; x_wconf 91' lang='lat' dir='ltr'><strong>est,</strong></span> <span class='ocrx_word' id='word_1_44' title='bbox 432 1125 564 1226; x_wconf 71' lang='lat' dir='ltr'><strong>patrias</strong></span> <span class='ocrx_word' id='word_1_45' title='bbox 582 1125 684 1200; x_wconf 86' lang='lat' dir='ltr'><strong>lacta</strong></span> <span class='ocrx_word' id='word_1_46' title='bbox 701 1128 849 1216; x_wconf 84' lang='lat' dir='ltr'><strong>referre,</strong></span> <span class='ocrx_word' id='word_1_47' title='bbox 870 1131 987 1206; x_wconf 87' lang='lat' dir='ltr'><strong>labor.</strong></span> 
     </span>
    </p>

    <p class='ocr_par' dir='ltr' id='par_1_5' title="bbox 117 1241 1169 1437">
     <span class='ocr_line' id='line_1_8' title="bbox 117 1241 1169 1341; baseline 0.01 -27"><span class='ocrx_word' id='word_1_48' title='bbox 117 1241 304 1341; x_wconf 89' lang='lat' dir='ltr'><strong>Denique,</strong></span> <span class='ocrx_word' id='word_1_49' title='bbox 327 1265 446 1340; x_wconf 92' lang='lat' dir='ltr'><strong>quum</strong></span> <span class='ocrx_word' id='word_1_50' title='bbox 464 1241 609 1315; x_wconf 90' lang='lat' dir='ltr'><strong>meritis</strong></span> <span class='ocrx_word' id='word_1_51' title='bbox 627 1243 842 1341; x_wconf 84' lang='lat' dir='ltr'><strong>impleveris</strong></span> <span class='ocrx_word' id='word_1_52' title='bbox 860 1247 999 1335; x_wconf 87' lang='lat' dir='ltr'><strong>omnia,</strong></span> <span class='ocrx_word' id='word_1_53' title='bbox 1022 1245 1169 1338; x_wconf 75' lang='lat' dir='ltr'><strong>Caesar,</strong></span> 
     </span>
     <span class='ocr_line' id='line_1_9' title="bbox 161 1358 969 1437; baseline 0.007 -6"><span class='ocrx_word' id='word_1_54' title='bbox 161 1358 256 1434; x_wconf 89' lang='lat' dir='ltr'><strong>Pars</strong></span> <span class='ocrx_word' id='word_1_55' title='bbox 275 1360 372 1434; x_wconf 88' lang='lat' dir='ltr'><strong>milri</strong></span> <span class='ocrx_word' id='word_1_56' title='bbox 390 1360 439 1433; x_wconf 88' lang='lat' dir='ltr'><strong>de</strong></span> <span class='ocrx_word' id='word_1_57' title='bbox 456 1359 585 1433; x_wconf 90' lang='lat' dir='ltr'><strong>multis</strong></span> <span class='ocrx_word' id='word_1_58' title='bbox 603 1383 679 1434; x_wconf 88' lang='lat' dir='ltr'><strong>una</strong></span> <span class='ocrx_word' id='word_1_59' title='bbox 696 1361 868 1436; x_wconf 87' lang='lat' dir='ltr'><strong>canenda</strong></span> <span class='ocrx_word' id='word_1_60' title='bbox 885 1361 969 1437; x_wconf 87' lang='lat' dir='ltr'><strong>luit.</strong></span> 
     </span>
    </p>

    <p class='ocr_par' dir='ltr' id='par_1_6' title="bbox 117 1473 1169 1670">
     <span class='ocr_line' id='line_1_10' title="bbox 117 1473 1169 1572; baseline 0.01 -26"><span class='ocrx_word' id='word_1_61' title='bbox 117 1473 242 1572; x_wconf 81' lang='lat' dir='ltr'><strong>thue</strong></span> <span class='ocrx_word' id='word_1_62' title='bbox 261 1477 423 1550; x_wconf 86' lang='lat' dir='ltr'><strong>trahunt</strong></span> <span class='ocrx_word' id='word_1_63' title='bbox 440 1475 570 1549; x_wconf 89' lang='lat' dir='ltr'><strong>oculos</strong></span> <span class='ocrx_word' id='word_1_64' title='bbox 588 1477 774 1552; x_wconf 85' lang='lat' dir='ltr'><strong>radiantia</strong></span> <span class='ocrx_word' id='word_1_65' title='bbox 791 1479 934 1553; x_wconf 89' lang='lat' dir='ltr'><strong>lumina</strong></span> <span class='ocrx_word' id='word_1_66' title='bbox 952 1479 1073 1570; x_wconf 91' lang='lat' dir='ltr'><strong>Solis;</strong></span> <span class='ocrx_word' id='word_1_67' title='bbox 1094 1486 1169 1556; x_wconf 81' lang='lat'><strong>325</strong></span> 
     </span>
     <span class='ocr_line' id='line_1_11' title="bbox 158 1591 1000 1670; baseline 0.006 -6"><span class='ocrx_word' id='word_1_68' title='bbox 158 1591 387 1666; x_wconf 87' lang='lat' dir='ltr'><strong>Traxissent</strong></span> <span class='ocrx_word' id='word_1_69' title='bbox 404 1592 571 1666; x_wconf 90' lang='lat' dir='ltr'><strong>animum</strong></span> <span class='ocrx_word' id='word_1_70' title='bbox 588 1593 643 1667; x_wconf 88' lang='lat' dir='ltr'><strong>sic</strong></span> <span class='ocrx_word' id='word_1_71' title='bbox 661 1605 727 1668; x_wconf 86' lang='lat' dir='ltr'><strong>tua</strong></span> <span class='ocrx_word' id='word_1_72' title='bbox 742 1593 845 1668; x_wconf 87' lang='lat' dir='ltr'><strong>lacta</strong></span> <span class='ocrx_word' id='word_1_73' title='bbox 861 1619 1000 1670; x_wconf 91' lang='lat' dir='ltr'><strong>meum.</strong></span> 
     </span>
    </p>

    <p class='ocr_par' dir='ltr' id='par_1_7' title="bbox 115 1705 1122 1925">
     <span class='ocr_line' id='line_1_12' title="bbox 115 1705 1122 1811; baseline 0.007 -31"><span class='ocrx_word' id='word_1_74' title='bbox 115 1705 260 1804; x_wconf 89' lang='lat' dir='ltr'><strong>Arguor</strong></span> <span class='ocrx_word' id='word_1_75' title='bbox 277 1707 490 1796; x_wconf 90' lang='lat' dir='ltr'><strong>immerito;</strong></span> <span class='ocrx_word' id='word_1_76' title='bbox 519 1709 644 1782; x_wconf 86' lang='lat' dir='ltr'><strong>tenuis</strong></span> <span class='ocrx_word' id='word_1_77' title='bbox 662 1709 753 1784; x_wconf 91' lang='lat' dir='ltr'><strong>mihi</strong></span> <span class='ocrx_word' id='word_1_78' title='bbox 771 1734 929 1811; x_wconf 89' lang='lat' dir='ltr'><strong>campus</strong></span> <span class='ocrx_word' id='word_1_79' title='bbox 947 1723 1095 1788; x_wconf 87' lang='lat' dir='ltr'><strong>aratur:</strong></span> <span class='ocrx_word' id='word_1_80' title='bbox 1117 1728 1122 1734; x_wconf 87' lang='grc'><em>“</em></span> 
     </span>
     <span class='ocr_line' id='line_1_13' title="bbox 161 1822 876 1925; baseline 0.01 -31"><span class='ocrx_word' id='word_1_81' title='bbox 161 1822 263 1896; x_wconf 92' lang='lat' dir='ltr'><strong>Illud</strong></span> <span class='ocrx_word' id='word_1_82' title='bbox 282 1834 369 1898; x_wconf 89' lang='lat' dir='ltr'><strong>erat</strong></span> <span class='ocrx_word' id='word_1_83' title='bbox 385 1847 532 1919; x_wconf 85' lang='lat' dir='ltr'><strong>magnae</strong></span> <span class='ocrx_word' id='word_1_84' title='bbox 549 1823 751 1898; x_wconf 83' lang='lat' dir='ltr'><strong>fertilitatis</strong></span> <span class='ocrx_word' id='word_1_85' title='bbox 768 1849 876 1925; x_wconf 82' lang='lat' dir='ltr'><strong>opus,</strong></span> 
     </span>
    </p>

    <p class='ocr_par' dir='ltr' id='par_1_8' title="bbox 116 1935 1170 2153">
     <span class='ocr_line' id='line_1_14' title="bbox 116 1935 985 2041; baseline 0.009 -31"><span class='ocrx_word' id='word_1_86' title='bbox 116 1935 149 2010; x_wconf 91' lang='lat' dir='ltr'><strong>N</strong></span> <span class='ocrx_word' id='word_1_87' title='bbox 152 1964 198 2013; x_wconf 91' lang='lat' dir='ltr'><strong>on</strong></span> <span class='ocrx_word' id='word_1_88' title='bbox 216 1941 307 2014; x_wconf 94' lang='lat' dir='ltr'><strong>ideo</strong></span> <span class='ocrx_word' id='word_1_89' title='bbox 325 1939 443 2014; x_wconf 89' lang='lat' dir='ltr'><strong>debet</strong></span> <span class='ocrx_word' id='word_1_90' title='bbox 460 1941 594 2038; x_wconf 84' lang='lat' dir='ltr'><strong>pelago</strong></span> <span class='ocrx_word' id='word_1_91' title='bbox 612 1965 654 2015; x_wconf 90' lang='lat' dir='ltr'><strong>se</strong></span> <span class='ocrx_word' id='word_1_92' title='bbox 671 1941 838 2028; x_wconf 88' lang='lat' dir='ltr'><strong>credere,</strong></span> <span class='ocrx_word' id='word_1_93' title='bbox 857 1942 889 2015; x_wconf 89' lang='lat' dir='ltr'><strong>si</strong></span> <span class='ocrx_word' id='word_1_94' title='bbox 907 1967 985 2041; x_wconf 86' lang='lat' dir='ltr'><strong>qua</strong></span> 
     </span>
     <span class='ocr_line' id='line_1_15' title="bbox 161 2055 1170 2153; baseline 0.008 -25"><span class='ocrx_word' id='word_1_95' title='bbox 161 2057 293 2130; x_wconf 84' lang='lat' dir='ltr'><strong>Audet</strong></span> <span class='ocrx_word' id='word_1_96' title='bbox 311 2056 351 2128; x_wconf 91' lang='lat' dir='ltr'><strong>in</strong></span> <span class='ocrx_word' id='word_1_97' title='bbox 370 2056 508 2151; x_wconf 90' lang='lat' dir='ltr'><strong>exiguo</strong></span> <span class='ocrx_word' id='word_1_98' title='bbox 525 2055 655 2129; x_wconf 90' lang='lat' dir='ltr'><strong>ludere</strong></span> <span class='ocrx_word' id='word_1_99' title='bbox 673 2057 814 2153; x_wconf 85' lang='lat' dir='ltr'><strong>cymba</strong></span> <span class='ocrx_word' id='word_1_100' title='bbox 831 2058 930 2131; x_wconf 91' lang='lat' dir='ltr'><strong>lacu.</strong></span> <span class='ocrx_word' id='word_1_101' title='bbox 1064 2085 1067 2094; x_wconf 55' lang='lat'><em>¹</em></span> <span class='ocrx_word' id='word_1_102' title='bbox 1095 2065 1170 2137; x_wconf 89' lang='lat'><strong>330</strong></span> 
     </span>
    </p>

    <p class='ocr_par' dir='ltr' id='par_1_9' title="bbox 116 2170 1083 2275">
     <span class='ocr_line' id='line_1_16' title="bbox 116 2170 1083 2275; baseline 0.006 -31"><span class='ocrx_word' id='word_1_103' title='bbox 116 2171 288 2246; x_wconf 84' lang='lat' dir='ltr'><strong>Forsitan</strong></span> <span class='ocrx_word' id='word_1_104' title='bbox 306 2181 348 2246; x_wconf 89' lang='lat' dir='ltr'><strong>et</strong></span> <span class='ocrx_word' id='word_1_105' title='bbox 365 2171 550 2256; x_wconf 91' lang='lat' dir='ltr'><strong>dubitem,</strong></span> <span class='ocrx_word' id='word_1_106' title='bbox 570 2172 734 2245; x_wconf 88' lang='lat' dir='ltr'><strong>numeris</strong></span> <span class='ocrx_word' id='word_1_107' title='bbox 752 2170 953 2248; x_wconf 84' lang='lat' dir='ltr'><strong>levioribus</strong></span> <span class='ocrx_word' id='word_1_108' title='bbox 971 2187 1083 2275; x_wconf 87' lang='lat' dir='ltr'><strong>aptus</strong></span> 
     </span>
    </p>

    <p class='ocr_par' dir='ltr' id='par_1_10' title="bbox 125 2287 1048 2387">
     <span class='ocr_line' id='line_1_17' title="bbox 125 2287 1048 2387; baseline 0.005 -26"><span class='ocrx_word' id='word_1_109' title='bbox 125 2308 134 2342; x_wconf 58' lang='grc' dir='ltr'>ι</span> <span class='ocrx_word' id='word_1_110' title='bbox 163 2287 245 2362; x_wconf 90' lang='lat' dir='ltr'><strong>Sim</strong></span> <span class='ocrx_word' id='word_1_111' title='bbox 263 2289 363 2364; x_wconf 88' lang='lat' dir='ltr'><strong>satis</strong></span> <span class='ocrx_word' id='word_1_112' title='bbox 378 2315 386 2374; x_wconf 94' lang='lat'>;</span> <span class='ocrx_word' id='word_1_113' title='bbox 417 2287 454 2359; x_wconf 92' lang='lat' dir='ltr'><strong>in</strong></span> <span class='ocrx_word' id='word_1_114' title='bbox 472 2311 605 2385; x_wconf 84' lang='lat' dir='ltr'><strong>parvos</strong></span> <span class='ocrx_word' id='word_1_115' title='bbox 623 2287 884 2387; x_wconf 87' lang='lat' dir='ltr'><strong>sufficiamque</strong></span> <span class='ocrx_word' id='word_1_116' title='bbox 902 2292 1048 2366; x_wconf 91' lang='lat' dir='ltr'><strong>modos.</strong></span> 
     </span>
    </p>

    <p class='ocr_par' dir='ltr' id='par_1_11' title="bbox 117 2402 1065 2610">
     <span class='ocr_line' id='line_1_18' title="bbox 117 2402 1065 2504; baseline 0.005 -27"><span class='ocrx_word' id='word_1_117' title='bbox 117 2405 167 2478; x_wconf 90' lang='lat' dir='ltr'><strong>At</strong></span> <span class='ocrx_word' id='word_1_118' title='bbox 182 2406 214 2478; x_wconf 90' lang='lat' dir='ltr'><strong>si</strong></span> <span class='ocrx_word' id='word_1_119' title='bbox 233 2429 297 2479; x_wconf 91' lang='lat' dir='ltr'><strong>me</strong></span> <span class='ocrx_word' id='word_1_120' title='bbox 312 2406 452 2503; x_wconf 89' lang='lat' dir='ltr'><strong>jubeas</strong></span> <span class='ocrx_word' id='word_1_121' title='bbox 466 2403 628 2478; x_wconf 88' lang='lat' dir='ltr'><strong>domitos</strong></span> <span class='ocrx_word' id='word_1_122' title='bbox 647 2402 670 2476; x_wconf 88' lang='lat' dir='ltr'>J</span> <span class='ocrx_word' id='word_1_123' title='bbox 674 2404 754 2477; x_wconf 89' lang='lat' dir='ltr'><strong>ovis</strong></span> <span class='ocrx_word' id='word_1_124' title='bbox 773 2404 861 2501; x_wconf 84' lang='lat' dir='ltr'><strong>igne</strong></span> <span class='ocrx_word' id='word_1_125' title='bbox 881 2407 1065 2504; x_wconf 87' lang='lat' dir='ltr'><strong>Gigantas</strong></span> 
     </span>
     <span class='ocr_line' id='line_1_19' title="bbox 163 2518 917 2610; baseline -0.001 -14"><span class='ocrx_word' id='word_1_126' title='bbox 163 2521 326 2610; x_wconf 91' lang='lat' dir='ltr'><strong>Dicere;</strong></span> <span class='ocrx_word' id='word_1_127' title='bbox 357 2528 558 2594; x_wconf 87' lang='lat' dir='ltr'><strong>conantem</strong></span> <span class='ocrx_word' id='word_1_128' title='bbox 576 2518 792 2594; x_wconf 87' lang='lat' dir='ltr'><strong>debilitabit</strong></span> <span class='ocrx_word' id='word_1_129' title='bbox 809 2544 917 2595; x_wconf 88' lang='lat' dir='ltr'><strong>onus.</strong></span> 
     </span>
    </p>
   </div>
   <div class='ocr_carea' id='block_1_3' title="bbox 115 2783 1172 3072">
    <p class='ocr_par' dir='ltr' id='par_1_12' title="bbox 115 2783 1172 3072">
     <span class='ocr_line' id='line_1_20' title="bbox 145 2783 1170 2852; baseline -0.002 -14"><span class='ocrx_word' id='word_1_130' title='bbox 145 2789 201 2838; x_wconf 80' lang='grc'>318.</span> <span class='ocrx_word' id='word_1_131' title='bbox 221 2784 472 2848; x_wconf 68' lang='grc' dir='ltr'>7ηαιαιιιίιιπιιιι.]</span> <span class='ocrx_word' id='word_1_132' title='bbox 490 2785 617 2851; x_wconf 85' lang='lat' dir='ltr'><strong>Trojaite·</strong></span> <span class='ocrx_word' id='word_1_133' title='bbox 699 2783 759 2834; x_wconf 73' lang='lat'><strong>322.</strong></span> <span class='ocrx_word' id='word_1_134' title='bbox 779 2784 873 2849; x_wconf 72' lang='lat' dir='ltr'><strong>Foeta]</strong></span> <span class='ocrx_word' id='word_1_135' title='bbox 900 2783 1020 2844; x_wconf 81' lang='lat' dir='ltr'><strong>Quoniam</strong></span> <span class='ocrx_word' id='word_1_136' title='bbox 1042 2795 1083 2833; x_wconf 81' lang='lat' dir='ltr'><strong>tac</strong></span> <span class='ocrx_word' id='word_1_137' title='bbox 1097 2787 1170 2852; x_wconf 80' lang='lat' dir='ltr'><strong>sucta</strong></span> 
     </span>
     <span class='ocr_line' id='line_1_21' title="bbox 115 2858 1171 2926; baseline -0.002 -14"><span class='ocrx_word' id='word_1_138' title='bbox 115 2879 164 2911; x_wconf 86' lang='lat' dir='ltr'><strong>rum</strong></span> <span class='ocrx_word' id='word_1_139' title='bbox 186 2863 276 2912; x_wconf 87' lang='lat' dir='ltr'><strong>dicitur</strong></span> <span class='ocrx_word' id='word_1_140' title='bbox 302 2858 385 2910; x_wconf 83' lang='lat' dir='ltr'><strong>vexari</strong></span> <span class='ocrx_word' id='word_1_141' title='bbox 412 2859 523 2916; x_wconf 83' lang='lat' dir='ltr'><strong>carmine,</strong></span> <span class='ocrx_word' id='word_1_142' title='bbox 544 2873 619 2924; x_wconf 88' lang='lat' dir='ltr'><strong>quum</strong></span> <span class='ocrx_word' id='word_1_143' title='bbox 669 2859 850 2924; x_wconf 78' lang='lat' dir='ltr'><strong>moraequitur‚</strong></span> <span class='ocrx_word' id='word_1_144' title='bbox 865 2860 949 2908; x_wconf 77' lang='lat' dir='ltr'><strong>Burni.</strong></span> <span class='ocrx_word' id='word_1_145' title='bbox 964 2858 1090 2908; x_wconf 89' lang='lat' dir='ltr'><strong>emendare</strong></span> <span class='ocrx_word' id='word_1_146' title='bbox 1104 2862 1171 2926; x_wconf 87' lang='lat' dir='ltr'><strong>cupit</strong></span> 
     </span>
     <span class='ocr_line' id='line_1_22' title="bbox 115 2932 1172 3002; baseline -0.004 -14"><span class='ocrx_word' id='word_1_147' title='bbox 115 2938 164 3002; x_wconf 81' lang='lat' dir='ltr'><strong>ejps</strong></span> <span class='ocrx_word' id='word_1_148' title='bbox 179 2953 250 2987; x_wconf 85' lang='lat' dir='ltr'><strong>casus</strong></span> <span class='ocrx_word' id='word_1_149' title='bbox 266 2945 292 2986; x_wconf 84' lang='lat' dir='ltr'><strong>et</strong></span> <span class='ocrx_word' id='word_1_150' title='bbox 306 2935 377 2986; x_wconf 84' lang='lat' dir='ltr'><strong>ruina</strong></span> <span class='ocrx_word' id='word_1_151' title='bbox 387 2933 455 3000; x_wconf 88' lang='lat' dir='ltr'><strong>quasi</strong></span> <span class='ocrx_word' id='word_1_152' title='bbox 467 2947 522 2984; x_wconf 79' lang='lat' dir='ltr'><strong>vera</strong></span> <span class='ocrx_word' id='word_1_153' title='bbox 537 2933 620 2982; x_wconf 81' lang='lat' dir='ltr'><strong>clades</strong></span> <span class='ocrx_word' id='word_1_154' title='bbox 662 2934 736 2999; x_wconf 82' lang='lat' dir='ltr'><strong>sota:</strong></span> <span class='ocrx_word' id='word_1_155' title='bbox 747 2949 802 2999; x_wconf 77' lang='lat' dir='ltr'><strong>qua</strong></span> <span class='ocrx_word' id='word_1_156' title='bbox 813 2933 948 2982; x_wconf 85' lang='lat' dir='ltr'><strong>emendatio</strong></span> <span class='ocrx_word' id='word_1_157' title='bbox 955 2932 1034 2982; x_wconf 86' lang='lat' dir='ltr'><strong>minus</strong></span> <span class='ocrx_word' id='word_1_158' title='bbox 1041 2933 1172 2984; x_wconf 83' lang='lat' dir='ltr'><strong>necessaria</strong></span> 
     </span>
     <span class='ocr_line' id='line_1_23' title="bbox 116 3005 1171 3072; baseline -0.002 -12"><span class='ocrx_word' id='word_1_159' title='bbox 116 3011 264 3062; x_wconf 75' lang='lat' dir='ltr'><strong>describitur.</strong></span> <span class='ocrx_word' id='word_1_160' title='bbox 669 3007 728 3055; x_wconf 90' lang='lat' dir='ltr'><strong>mihi</strong></span> <span class='ocrx_word' id='word_1_161' title='bbox 740 3007 838 3072; x_wconf 85' lang='lat' dir='ltr'><strong>quidem</strong></span> <span class='ocrx_word' id='word_1_162' title='bbox 854 3007 956 3064; x_wconf 86' lang='lat' dir='ltr'><strong>videtur,</strong></span> <span class='ocrx_word' id='word_1_163' title='bbox 974 3005 1121 3072; x_wconf 86' lang='lat' dir='ltr'><strong>potissimum</strong></span> <span class='ocrx_word' id='word_1_164' title='bbox 1140 3009 1171 3058; x_wconf 86' lang='lat' dir='ltr'><strong>oh</strong></span> 
     </span>
    </p>
   </div>
   <div class='ocr_carea' id='block_1_4' title="bbox 114 3081 1172 3446">
    <p class='ocr_par' dir='ltr' id='par_1_13' title="bbox 114 3081 1172 3446">
     <span class='ocr_line' id='line_1_24' title="bbox 146 3081 1171 3148; baseline -0.001 -15"><span class='ocrx_word' id='word_1_165' title='bbox 146 3085 202 3133; x_wconf 76' lang='grc'>319.</span> <span class='ocrx_word' id='word_1_166' title='bbox 220 3085 254 3133; x_wconf 81' lang='lat' dir='ltr'><strong>Et</strong></span> <span class='ocrx_word' id='word_1_167' title='bbox 275 3093 361 3132; x_wconf 81' lang='lat' dir='ltr'><strong>malua</strong></span> <span class='ocrx_word' id='word_1_168' title='bbox 377 3083 477 3132; x_wconf 76' lang='lat' dir='ltr'><strong>aalma</strong></span> <span class='ocrx_word' id='word_1_169' title='bbox 485 3081 617 3148; x_wconf 72' lang='lat' dir='ltr'><strong>fratrum]</strong></span> <span class='ocrx_word' id='word_1_170' title='bbox 670 3081 792 3146; x_wconf 84' lang='lat' dir='ltr'><strong>epitheton</strong></span> <span class='ocrx_word' id='word_1_171' title='bbox 810 3083 924 3140; x_wconf 72' lang='lat' dir='ltr'><strong>bellatrix,</strong></span> <span class='ocrx_word' id='word_1_172' title='bbox 940 3081 979 3132; x_wconf 87' lang='lat' dir='ltr'><strong>cui</strong></span> <span class='ocrx_word' id='word_1_173' title='bbox 991 3083 1063 3148; x_wconf 83' lang='lat' dir='ltr'><strong>sacto</strong></span> <span class='ocrx_word' id='word_1_174' title='bbox 1084 3081 1171 3147; x_wconf 81' lang='lat' dir='ltr'><strong>polias,</strong></span> 
     </span>
     <span class='ocr_line' id='line_1_25' title="bbox 116 3153 1171 3222; baseline 0.001 -18"><span class='ocrx_word' id='word_1_175' title='bbox 116 3157 160 3205; x_wconf 86' lang='lat' dir='ltr'><strong>Per</strong></span> <span class='ocrx_word' id='word_1_176' title='bbox 173 3167 259 3207; x_wconf 88' lang='lat' dir='ltr'><strong>mutua</strong></span> <span class='ocrx_word' id='word_1_177' title='bbox 275 3157 378 3207; x_wconf 83' lang='lat' dir='ltr'><strong>vulnera</strong></span> <span class='ocrx_word' id='word_1_178' title='bbox 394 3155 500 3211; x_wconf 78' lang='lat' dir='ltr'><strong>fratrum,</strong></span> <span class='ocrx_word' id='word_1_179' title='bbox 515 3153 620 3204; x_wconf 84' lang='lat' dir='ltr'><strong>Eteoclis</strong></span> <span class='ocrx_word' id='word_1_180' title='bbox 670 3155 960 3222; x_wconf 79' lang='lat' dir='ltr'><strong>quamsararespondeut.</strong></span> <span class='ocrx_word' id='word_1_181' title='bbox 979 3156 1061 3221; x_wconf 87' lang='lat' dir='ltr'><strong>Atque</strong></span> <span class='ocrx_word' id='word_1_182' title='bbox 1068 3155 1171 3206; x_wconf 85' lang='lat' dir='ltr'><strong>Romam</strong></span> 
     </span>
     <span class='ocr_line' id='line_1_26' title="bbox 116 3228 1172 3298; baseline 0.002 -18"><span class='ocrx_word' id='word_1_183' title='bbox 116 3231 271 3298; x_wconf 72' lang='lat' dir='ltr'><strong>arorynrea</strong></span> <span class='ocrx_word' id='word_1_184' title='bbox 281 3228 619 3295; x_wconf 79' lang='lat' dir='ltr'><strong>mortemiutellige,quimu-</strong></span> <span class='ocrx_word' id='word_1_185' title='bbox 670 3228 740 3278; x_wconf 84' lang='lat' dir='ltr'><strong>deam</strong></span> <span class='ocrx_word' id='word_1_186' title='bbox 759 3245 810 3280; x_wconf 88' lang='lat' dir='ltr'><strong>csse</strong></span> <span class='ocrx_word' id='word_1_187' title='bbox 830 3230 930 3286; x_wconf 84' lang='lat' dir='ltr'><strong>cultam,</strong></span> <span class='ocrx_word' id='word_1_188' title='bbox 950 3229 1069 3280; x_wconf 82' lang='lat' dir='ltr'><strong>neminem</strong></span> <span class='ocrx_word' id='word_1_189' title='bbox 1087 3231 1172 3295; x_wconf 83' lang='lat' dir='ltr'><strong>lugiet.</strong></span> 
     </span>
     <span class='ocr_line' id='line_1_27' title="bbox 116 3301 1169 3364; baseline -0.001 -8"><span class='ocrx_word' id='word_1_190' title='bbox 116 3315 155 3356; x_wconf 89' lang='lat' dir='ltr'><strong>tuo</strong></span> <span class='ocrx_word' id='word_1_191' title='bbox 164 3309 215 3358; x_wconf 85' lang='lat' dir='ltr'><strong>icta</strong></span> <span class='ocrx_word' id='word_1_192' title='bbox 226 3309 348 3364; x_wconf 87' lang='lat' dir='ltr'><strong>cecidere,</strong></span> <span class='ocrx_word' id='word_1_193' title='bbox 359 3317 387 3356; x_wconf 87' lang='lat' dir='ltr'><strong>ut</strong></span> <span class='ocrx_word' id='word_1_194' title='bbox 400 3307 518 3356; x_wconf 87' lang='lat' dir='ltr'><strong>Diodorus</strong></span> <span class='ocrx_word' id='word_1_195' title='bbox 528 3305 619 3360; x_wconf 85' lang='lat' dir='ltr'><strong>scribit,</strong></span> <span class='ocrx_word' id='word_1_196' title='bbox 670 3301 699 3350; x_wconf 90' lang='lat' dir='ltr'><strong>In</strong></span> <span class='ocrx_word' id='word_1_197' title='bbox 710 3303 793 3352; x_wconf 84' lang='lat' dir='ltr'><strong>Oiselii</strong></span> <span class='ocrx_word' id='word_1_198' title='bbox 806 3304 927 3353; x_wconf 82' lang='lat' dir='ltr'><strong>Thesauro</strong></span> <span class='ocrx_word' id='word_1_199' title='bbox 938 3303 1048 3353; x_wconf 87' lang='lat' dir='ltr'><strong>numism.</strong></span> <span class='ocrx_word' id='word_1_200' title='bbox 1065 3306 1116 3354; x_wconf 85' lang='lat' dir='ltr'><strong>tab.</strong></span> <span class='ocrx_word' id='word_1_201' title='bbox 1127 3307 1169 3355; x_wconf 78' lang='lat'><strong>52.</strong></span> 
     </span>
     <span class='ocr_line' id='line_1_28' title="bbox 114 3378 1169 3446; baseline -0.003 -14"><span class='ocrx_word' id='word_1_202' title='bbox 114 3391 138 3432; x_wconf 82' lang='lat' dir='ltr'><strong>el</strong></span> <span class='ocrx_word' id='word_1_203' title='bbox 152 3383 243 3432; x_wconf 80' lang='lat' dir='ltr'><strong>Statius</strong></span> <span class='ocrx_word' id='word_1_204' title='bbox 261 3381 361 3439; x_wconf 84' lang='lat' dir='ltr'><strong>cecinit,</strong></span> <span class='ocrx_word' id='word_1_205' title='bbox 373 3397 403 3430; x_wconf 88' lang='lat' dir='ltr'><strong>ex</strong></span> <span class='ocrx_word' id='word_1_206' title='bbox 418 3397 465 3446; x_wconf 87' lang='lat' dir='ltr'><strong>qno</strong></span> <span class='ocrx_word' id='word_1_207' title='bbox 478 3379 619 3428; x_wconf 75' lang='lat' dir='ltr'><strong>Thebanum</strong></span> <span class='ocrx_word' id='word_1_208' title='bbox 669 3393 693 3426; x_wconf 88' lang='lat' dir='ltr'><strong>n.</strong></span> <span class='ocrx_word' id='word_1_209' title='bbox 705 3378 728 3426; x_wconf 91' lang='grc'><strong>7.</strong></span> <span class='ocrx_word' id='word_1_210' title='bbox 738 3378 854 3444; x_wconf 88' lang='lat' dir='ltr'><strong>reperitur</strong></span> <span class='ocrx_word' id='word_1_211' title='bbox 869 3393 986 3434; x_wconf 84' lang='lat' dir='ltr'><strong>nummus.</strong></span> <span class='ocrx_word' id='word_1_212' title='bbox 1000 3378 1040 3428; x_wconf 92' lang='lat' dir='ltr'><strong>uhi</strong></span> <span class='ocrx_word' id='word_1_213' title='bbox 1055 3378 1169 3446; x_wconf 85' lang='lat' dir='ltr'><strong>templum</strong></span> 
     </span>
    </p>
   </div>
   <div class='ocr_carea' id='block_1_5' title="bbox 115 3453 1271 3521">
    <p class='ocr_par' dir='ltr' id='par_1_14' title="bbox 115 3453 1271 3521">
     <span class='ocr_line' id='line_1_29' title="bbox 115 3453 1271 3521; baseline -0.001 -14"><span class='ocrx_word' id='word_1_214' title='bbox 115 3457 202 3506; x_wconf 84' lang='lat' dir='ltr'><strong>bellam</strong></span> <span class='ocrx_word' id='word_1_215' title='bbox 212 3456 335 3521; x_wconf 81' lang='lat' dir='ltr'><strong>designat.</strong></span> <span class='ocrx_word' id='word_1_216' title='bbox 669 3461 705 3500; x_wconf 81' lang='lat' dir='ltr'><strong>est</strong></span> <span class='ocrx_word' id='word_1_217' title='bbox 723 3468 765 3502; x_wconf 82' lang='lat' dir='ltr'><strong>sex</strong></span> <span class='ocrx_word' id='word_1_218' title='bbox 784 3453 957 3512; x_wconf 87' lang='lat' dir='ltr'><strong>columnarum,</strong></span> <span class='ocrx_word' id='word_1_219' title='bbox 977 3454 1002 3502; x_wconf 89' lang='lat' dir='ltr'><strong>in</strong></span> <span class='ocrx_word' id='word_1_220' title='bbox 1020 3469 1067 3520; x_wconf 90' lang='lat' dir='ltr'><strong>quo</strong></span> <span class='ocrx_word' id='word_1_221' title='bbox 1083 3454 1170 3514; x_wconf 83' lang='lat' dir='ltr'><strong>Roma.</strong></span> <span class='ocrx_word' id='word_1_222' title='bbox 1266 3499 1271 3506; x_wconf 94' lang='lat'>.</span> 
     </span>
    </p>
   </div>
   <div class='ocr_carea' id='block_1_6' title="bbox 114 3525 1171 4274">
    <p class='ocr_par' dir='ltr' id='par_1_15' title="bbox 114 3525 1171 4274">
     <span class='ocr_line' id='line_1_30' title="bbox 145 3525 1169 3595; baseline -0.003 -14"><span class='ocrx_word' id='word_1_223' title='bbox 145 3533 202 3582; x_wconf 68' lang='lat'><strong>³20.</strong></span> <span class='ocrx_word' id='word_1_224' title='bbox 218 3533 267 3580; x_wconf 74' lang='lat' dir='ltr'><strong>Sub</strong></span> <span class='ocrx_word' id='word_1_225' title='bbox 285 3533 346 3579; x_wconf 84' lang='lat' dir='ltr'><strong>duee</strong></span> <span class='ocrx_word' id='word_1_226' title='bbox 359 3545 470 3592; x_wconf 76' lang='lat' dir='ltr'><strong>quumque</strong></span> <span class='ocrx_word' id='word_1_227' title='bbox 478 3529 541 3593; x_wconf 78' lang='lat' dir='ltr'><strong>run]</strong></span> <span class='ocrx_word' id='word_1_228' title='bbox 559 3529 618 3595; x_wconf 83' lang='lat' dir='ltr'><strong>Sep·</strong></span> <span class='ocrx_word' id='word_1_229' title='bbox 669 3525 814 3585; x_wconf 67' lang='lat' dir='ltr'><strong>destinarer,</strong></span> <span class='ocrx_word' id='word_1_230' title='bbox 828 3527 894 3577; x_wconf 85' lang='lat' dir='ltr'><strong>sedet</strong></span> <span class='ocrx_word' id='word_1_231' title='bbox 905 3528 1007 3592; x_wconf 85' lang='lat' dir='ltr'><strong>galeata,</strong></span> <span class='ocrx_word' id='word_1_232' title='bbox 1019 3527 1114 3578; x_wconf 80' lang='lat' dir='ltr'><strong>sinistra</strong></span> <span class='ocrx_word' id='word_1_233' title='bbox 1125 3529 1169 3578; x_wconf 92' lang='lat' dir='ltr'><strong>ha·</strong></span> 
     </span>
     <span class='ocr_line' id='line_1_31' title="bbox 115 3601 1169 3670; baseline -0.002 -15"><span class='ocrx_word' id='word_1_234' title='bbox 115 3615 160 3655; x_wconf 88' lang='lat' dir='ltr'><strong>tern</strong></span> <span class='ocrx_word' id='word_1_235' title='bbox 173 3605 239 3656; x_wconf 87' lang='lat' dir='ltr'><strong>enim</strong></span> <span class='ocrx_word' id='word_1_236' title='bbox 255 3621 325 3670; x_wconf 81' lang='lat' dir='ltr'><strong>reges</strong></span> <span class='ocrx_word' id='word_1_237' title='bbox 339 3610 422 3652; x_wconf 86' lang='lat' dir='ltr'><strong>contra</strong></span> <span class='ocrx_word' id='word_1_238' title='bbox 438 3601 560 3653; x_wconf 78' lang='lat' dir='ltr'><strong>Eteoclem</strong></span> <span class='ocrx_word' id='word_1_239' title='bbox 576 3619 620 3669; x_wconf 89' lang='lat' dir='ltr'><strong>pro</strong></span> <span class='ocrx_word' id='word_1_240' title='bbox 669 3611 738 3658; x_wconf 84' lang='lat' dir='ltr'><strong>stam,</strong></span> <span class='ocrx_word' id='word_1_241' title='bbox 755 3602 840 3651; x_wconf 76' lang='lat' dir='ltr'><strong>dextra</strong></span> <span class='ocrx_word' id='word_1_242' title='bbox 857 3603 1012 3652; x_wconf 84' lang='lat' dir='ltr'><strong>Victoriolam</strong></span> <span class='ocrx_word' id='word_1_243' title='bbox 1032 3611 1125 3653; x_wconf 83' lang='lat' dir='ltr'><strong>lenens.</strong></span> <span class='ocrx_word' id='word_1_244' title='bbox 1143 3620 1169 3654; x_wconf 86' lang='grc' dir='ltr'><strong>ι.</strong></span> 
     </span>
     <span class='ocr_line' id='line_1_32' title="bbox 118 3673 1171 3746; baseline -0.001 -17"><span class='ocrx_word' id='word_1_245' title='bbox 118 3681 230 3746; x_wconf 82' lang='lat' dir='ltr'><strong>Polynice</strong></span> <span class='ocrx_word' id='word_1_246' title='bbox 242 3679 420 3746; x_wconf 82' lang='lat' dir='ltr'><strong>conspirarunt,</strong></span> <span class='ocrx_word' id='word_1_247' title='bbox 429 3676 521 3726; x_wconf 84' lang='lat' dir='ltr'><strong>scilicet</strong></span> <span class='ocrx_word' id='word_1_248' title='bbox 529 3677 618 3726; x_wconf 83' lang='lat' dir='ltr'><strong>Adras-</strong></span> <span class='ocrx_word' id='word_1_249' title='bbox 669 3673 754 3726; x_wconf 88' lang='lat' dir='ltr'><strong>Oiselii</strong></span> <span class='ocrx_word' id='word_1_250' title='bbox 765 3688 894 3726; x_wconf 88' lang='lat' dir='ltr'><strong>comment.</strong></span> <span class='ocrx_word' id='word_1_251' title='bbox 905 3694 959 3744; x_wconf 82' lang='lat' dir='ltr'><strong>pag.</strong></span> <span class='ocrx_word' id='word_1_252' title='bbox 971 3679 1028 3728; x_wconf 83' lang='lat'><strong>³16.</strong></span> <span class='ocrx_word' id='word_1_253' title='bbox 1057 3677 1171 3728; x_wconf 72' lang='lat' dir='ltr'><strong>Hennes.</strong></span> 
     </span>
     <span class='ocr_line' id='line_1_33' title="bbox 116 3747 1170 3820; baseline -0.005 -16"><span class='ocrx_word' id='word_1_254' title='bbox 116 3767 152 3806; x_wconf 87' lang='lat' dir='ltr'><strong>tus</strong></span> <span class='ocrx_word' id='word_1_255' title='bbox 162 3755 308 3820; x_wconf 77' lang='lat' dir='ltr'><strong>Argivorum</strong></span> <span class='ocrx_word' id='word_1_256' title='bbox 325 3766 377 3810; x_wconf 81' lang='lat' dir='ltr'><strong>rex,</strong></span> <span class='ocrx_word' id='word_1_257' title='bbox 388 3747 547 3817; x_wconf 81' lang='lat' dir='ltr'><strong>Amphiaraus</strong></span> <span class='ocrx_word' id='word_1_258' title='bbox 558 3752 618 3818; x_wconf 88' lang='lat' dir='ltr'><strong>llip·</strong></span> <span class='ocrx_word' id='word_1_259' title='bbox 702 3752 759 3800; x_wconf 80' lang='lat'><strong>328.</strong></span> <span class='ocrx_word' id='word_1_260' title='bbox 776 3750 843 3800; x_wconf 79' lang='lat' dir='ltr'><strong>Illud</strong></span> <span class='ocrx_word' id='word_1_261' title='bbox 853 3751 927 3816; x_wconf 76' lang='lat' dir='ltr'><strong>opus]</strong></span> <span class='ocrx_word' id='word_1_262' title='bbox 947 3751 993 3801; x_wconf 86' lang='lat' dir='ltr'><strong>Vel</strong></span> <span class='ocrx_word' id='word_1_263' title='bbox 1006 3751 1096 3800; x_wconf 89' lang='lat' dir='ltr'><strong>bellurn</strong></span> <span class='ocrx_word' id='word_1_264' title='bbox 1106 3751 1170 3800; x_wconf 89' lang='lat' dir='ltr'><strong>The·</strong></span> 
     </span>
     <span class='ocr_line' id='line_1_34' title="bbox 114 3823 1169 3898; baseline -0.008 -18"><span class='ocrx_word' id='word_1_265' title='bbox 114 3831 237 3898; x_wconf 88' lang='lat' dir='ltr'><strong>pomedon,</strong></span> <span class='ocrx_word' id='word_1_266' title='bbox 252 3831 393 3894; x_wconf 84' lang='lat' dir='ltr'><strong>Capaneus,</strong></span> <span class='ocrx_word' id='word_1_267' title='bbox 403 3826 507 3891; x_wconf 83' lang='lat' dir='ltr'><strong>Tydeus,</strong></span> <span class='ocrx_word' id='word_1_268' title='bbox 519 3827 619 3876; x_wconf 87' lang='lat' dir='ltr'><strong>Parthe-</strong></span> <span class='ocrx_word' id='word_1_269' title='bbox 669 3825 757 3874; x_wconf 85' lang='lat' dir='ltr'><strong>barrum</strong></span> <span class='ocrx_word' id='word_1_270' title='bbox 771 3833 796 3873; x_wconf 90' lang='lat' dir='ltr'><strong>et</strong></span> <span class='ocrx_word' id='word_1_271' title='bbox 811 3825 910 3890; x_wconf 88' lang='lat' dir='ltr'><strong>reliqna,</strong></span> <span class='ocrx_word' id='word_1_272' title='bbox 921 3825 960 3874; x_wconf 81' lang='lat' dir='ltr'><strong>vel</strong></span> <span class='ocrx_word' id='word_1_273' title='bbox 971 3823 1075 3890; x_wconf 83' lang='lat' dir='ltr'><strong>Augusti</strong></span> <span class='ocrx_word' id='word_1_274' title='bbox 1092 3833 1169 3888; x_wconf 83' lang='lat' dir='ltr'><strong>gesta.</strong></span> 
     </span>
     <span class='ocr_line' id='line_1_35' title="bbox 114 3898 1168 3971; baseline -0.008 -17"><span class='ocrx_word' id='word_1_275' title='bbox 114 3922 218 3971; x_wconf 74' lang='lat' dir='ltr'><strong>nopaas,</strong></span> <span class='ocrx_word' id='word_1_276' title='bbox 230 3912 256 3954; x_wconf 85' lang='lat' dir='ltr'><strong>et</strong></span> <span class='ocrx_word' id='word_1_277' title='bbox 270 3901 409 3967; x_wconf 78' lang='lat' dir='ltr'><strong>Polynices,</strong></span> <span class='ocrx_word' id='word_1_278' title='bbox 420 3918 462 3968; x_wconf 89' lang='lat' dir='ltr'><strong>pro</strong></span> <span class='ocrx_word' id='word_1_279' title='bbox 472 3918 519 3966; x_wconf 91' lang='lat' dir='ltr'><strong>quo</strong></span> <span class='ocrx_word' id='word_1_280' title='bbox 528 3903 619 3951; x_wconf 89' lang='lat' dir='ltr'><strong>bellum</strong></span> <span class='ocrx_word' id='word_1_281' title='bbox 669 3899 880 3966; x_wconf 70' lang='lat' dir='ltr'><strong>Mra—Mogore</strong></span> <span class='ocrx_word' id='word_1_282' title='bbox 893 3901 1039 3965; x_wconf 78' lang='lat' dir='ltr'><strong>fertilitatis.</strong></span> <span class='ocrx_word' id='word_1_283' title='bbox 1076 3898 1168 3963; x_wconf 82' lang='lat' dir='ltr'><strong>Ingenii</strong></span> 
     </span>
     <span class='ocr_line' id='line_1_36' title="bbox 114 3971 1087 4044; baseline -0.013 -14"><span class='ocrx_word' id='word_1_284' title='bbox 114 3990 204 4044; x_wconf 81' lang='lat' dir='ltr'><strong>gestum</strong></span> <span class='ocrx_word' id='word_1_285' title='bbox 225 3987 272 4033; x_wconf 87' lang='lat' dir='ltr'><strong>est.</strong></span> <span class='ocrx_word' id='word_1_286' title='bbox 289 3976 388 4026; x_wconf 87' lang='lat' dir='ltr'><strong>Adrasti</strong></span> <span class='ocrx_word' id='word_1_287' title='bbox 406 3977 480 4026; x_wconf 88' lang='lat' dir='ltr'><strong>ductu</strong></span> <span class='ocrx_word' id='word_1_288' title='bbox 496 3987 521 4026; x_wconf 77' lang='lat' dir='ltr'><strong>er</strong></span> <span class='ocrx_word' id='word_1_289' title='bbox 539 3976 618 4042; x_wconf 83' lang='lat' dir='ltr'><strong>auspi-</strong></span> <span class='ocrx_word' id='word_1_290' title='bbox 669 3971 760 4029; x_wconf 81' lang='lat' dir='ltr'><strong>fertilis,</strong></span> <span class='ocrx_word' id='word_1_291' title='bbox 769 3971 849 4022; x_wconf 87' lang='lat' dir='ltr'><strong>uberis</strong></span> <span class='ocrx_word' id='word_1_292' title='bbox 859 3972 956 4037; x_wconf 87' lang='lat' dir='ltr'><strong>ingenii.</strong></span> <span class='ocrx_word' id='word_1_293' title='bbox 989 3973 1087 4021; x_wconf 80' lang='lat' dir='ltr'><strong>Bassa.</strong></span> 
     </span>
     <span class='ocr_line' id='line_1_37' title="bbox 114 4043 1168 4120; baseline -0.011 -16"><span class='ocrx_word' id='word_1_294' title='bbox 114 4055 164 4106; x_wconf 82' lang='lat' dir='ltr'><strong>ciis.</strong></span> <span class='ocrx_word' id='word_1_295' title='bbox 196 4055 226 4102; x_wconf 85' lang='lat' dir='ltr'><strong>lu</strong></span> <span class='ocrx_word' id='word_1_296' title='bbox 237 4051 419 4120; x_wconf 83' lang='lat' dir='ltr'><strong>oppugnatione</strong></span> <span class='ocrx_word' id='word_1_297' title='bbox 433 4058 512 4100; x_wconf 83' lang='lat' dir='ltr'><strong>autern</strong></span> <span class='ocrx_word' id='word_1_298' title='bbox 522 4051 617 4101; x_wconf 87' lang='lat' dir='ltr'><strong>Theba·</strong></span> <span class='ocrx_word' id='word_1_299' title='bbox 701 4049 758 4096; x_wconf 82' lang='lat'><strong>³³0.</strong></span> <span class='ocrx_word' id='word_1_300' title='bbox 775 4047 868 4096; x_wconf 78' lang='lat' dir='ltr'><strong>Ludere</strong></span> <span class='ocrx_word' id='word_1_301' title='bbox 882 4047 982 4112; x_wconf 71' lang='lat' dir='ltr'><strong>cymba]</strong></span> <span class='ocrx_word' id='word_1_302' title='bbox 1003 4045 1102 4092; x_wconf 81' lang='lat' dir='ltr'><strong>Currere</strong></span> <span class='ocrx_word' id='word_1_303' title='bbox 1114 4043 1168 4092; x_wconf 87' lang='lat' dir='ltr'><strong>Mo·</strong></span> 
     </span>
     <span class='ocr_line' id='line_1_38' title="bbox 114 4115 1168 4191; baseline -0.012 -13"><span class='ocrx_word' id='word_1_304' title='bbox 114 4145 171 4188; x_wconf 86' lang='lat' dir='ltr'><strong>rum,</strong></span> <span class='ocrx_word' id='word_1_305' title='bbox 182 4129 269 4180; x_wconf 86' lang='lat' dir='ltr'><strong>horam</strong></span> <span class='ocrx_word' id='word_1_306' title='bbox 286 4126 378 4176; x_wconf 87' lang='lat' dir='ltr'><strong>ducum</strong></span> <span class='ocrx_word' id='word_1_307' title='bbox 391 4125 553 4190; x_wconf 80' lang='lat' dir='ltr'><strong>unusquisque</strong></span> <span class='ocrx_word' id='word_1_308' title='bbox 564 4142 618 4191; x_wconf 89' lang='lat' dir='ltr'><strong>por·</strong></span> <span class='ocrx_word' id='word_1_309' title='bbox 668 4122 753 4174; x_wconf 87' lang='lat' dir='ltr'><strong>retiel</strong></span> <span class='ocrx_word' id='word_1_310' title='bbox 771 4130 818 4172; x_wconf 87' lang='lat' dir='ltr'><strong>tres</strong></span> <span class='ocrx_word' id='word_1_311' title='bbox 835 4121 890 4182; x_wconf 85' lang='lat' dir='ltr'><strong>alii;</strong></span> <span class='ocrx_word' id='word_1_312' title='bbox 914 4121 955 4170; x_wconf 89' lang='lat' dir='ltr'><strong>sed</strong></span> <span class='ocrx_word' id='word_1_313' title='bbox 968 4124 1063 4184; x_wconf 77' lang='lat' dir='ltr'><strong>prestat</strong></span> <span class='ocrx_word' id='word_1_314' title='bbox 1081 4115 1168 4174; x_wconf 85' lang='lat' dir='ltr'><strong>ludere,</strong></span> 
     </span>
     <span class='ocr_line' id='line_1_39' title="bbox 114 4189 1168 4274; baseline -0.014 -20"><span class='ocrx_word' id='word_1_315' title='bbox 114 4213 160 4254; x_wconf 84' lang='lat' dir='ltr'><strong>tam</strong></span> <span class='ocrx_word' id='word_1_316' title='bbox 169 4205 216 4256; x_wconf 82' lang='lat' dir='ltr'><strong>sibi</strong></span> <span class='ocrx_word' id='word_1_317' title='bbox 227 4200 419 4272; x_wconf 82' lang='lat' dir='ltr'><strong>oppugnandam</strong></span> <span class='ocrx_word' id='word_1_318' title='bbox 432 4210 553 4250; x_wconf 82' lang='lat' dir='ltr'><strong>sumserat.</strong></span> <span class='ocrx_word' id='word_1_319' title='bbox 669 4197 731 4262; x_wconf 84' lang='lat' dir='ltr'><strong>quod</strong></span> <span class='ocrx_word' id='word_1_320' title='bbox 749 4199 783 4256; x_wconf 86' lang='lat' dir='ltr'><strong>lit,</strong></span> <span class='ocrx_word' id='word_1_321' title='bbox 800 4212 873 4262; x_wconf 88' lang='lat' dir='ltr'><strong>quum</strong></span> <span class='ocrx_word' id='word_1_322' title='bbox 893 4203 971 4274; x_wconf 75' lang='lat' dir='ltr'><strong>naute</strong></span> <span class='ocrx_word' id='word_1_323' title='bbox 988 4206 1029 4256; x_wconf 89' lang='lat' dir='ltr'><strong>per</strong></span> <span class='ocrx_word' id='word_1_324' title='bbox 1042 4189 1168 4246; x_wconf 70' lang='lat' dir='ltr'><strong>etiamad</strong></span> 
     </span>
    </p>
   </div>
   <div class='ocr_carea' id='block_1_7' title="bbox 0 0 1514 5106">
    <p class='ocr_par' dir='ltr' id='par_1_16' title="bbox 0 0 1514 5106">
     <span class='ocr_line' id='line_1_40' title="bbox 0 0 1514 5106; baseline 0 0"><span class='ocrx_word' id='word_1_325' title='bbox 0 0 1514 5106; x_wconf 95' lang='lat' dir='ltr'><strong> </strong></span> 
     </span>
    </p>
   </div>
  </div>
 </body>
</html>
