2974 5100
287 397 358 465 Ex
381 395 544 465 muro
569 398 663 465 Lus.
687 399 717 466 1.
740 399 888 470 EPIST.
911 405 961 472 X.
1069 407 1136 476 Μ

89 569 242 668 longus
261 570 362 648 enim
380 573 479 648 curis
495 572 666 650 vitiatum
683 597 821 676 corpus
837 579 973 654 amaris

139 685 175 760 N
179 710 230 761 on
247 688 391 787 patitur
407 688 504 764 vires
521 690 678 788 languor
694 691 834 768 babere
851 695 953 770 suas.

88 801 126 878 N
129 827 173 879 ee
187 803 295 879 dolor
308 805 407 880 ullus
421 806 543 895 adest,
557 829 628 882 neo
642 805 811 884 febribus
824 833 910 886 uror
921 811 1086 906 anhelis;
1109 817 1132 890 5

139 917 192 994 Et
207 920 359 1020 peragit
375 923 475 998 soliti
492 947 589 1000 vena
603 925 745 999 tenoris
761 924 853 1002 iter:

88 1032 145 1108 Os
161 1035 283 1112 hebes
300 1048 372 1127 est,
390 1037 603 1138 positaeque
619 1051 771 1116 movent
783 1041 936 1119 fastidia
951 1067 1104 1134 mensae,

139 1148 191 1224 Et
207 1176 358 1250 queror,
377 1153 484 1228 invisi
503 1178 622 1254 quum
637 1157 740 1231 venit
756 1159 848 1234 bora
864 1158 952 1235 cibi.

88 1264 202 1352 Quod
219 1293 337 1360 mare,
355 1271 459 1369 quod
472 1271 597 1360 tellus,
612 1272 773 1372 adpone,
788 1276 891 1373 quod
904 1275 1130 1370 educatam,

138 1383 206 1458 Nil
220 1385 286 1474 ibi,
306 1388 409 1487 quod
426 1388 534 1463 nobis
552 1391 748 1478 esuriatur,
767 1393 849 1468 erit.
1087 1402 1133 1472 10

90 1499 233 1576 Nectar
249 1513 290 1577 et
306 1503 545 1592 ambrosiam,
564 1505 695 1581 latices
712 1507 921 1608 epulasque
939 1508 1120 1600 Deorum,

137 1614 218 1693 Det
235 1618 328 1693 mibi
344 1619 506 1698 formosa
522 1645 618 1698 nava
633 1621 798 1698 Juventa
814 1647 948 1701 manu:

90 1730 126 1805 N
127 1756 177 1806 on
194 1743 324 1809 tamen
341 1747 503 1812 exacuet
518 1747 671 1837 torpens
690 1761 801 1837 sapor
817 1737 882 1815 ille
898 1741 1067 1839 palatum
1081 1771 1091 1834 ;

139 1848 270 1926 Stabit
286 1861 327 1926 et
343 1852 382 1927 in
400 1855 596 1928 stomacho
613 1854 762 1954 pondus
779 1854 897 1930 inerte
913 1856 992 1932 diu.

91 1962 183 2040 Haec
201 1990 274 2065 ego
292 1991 366 2042 non
384 1968 516 2058 ausim,
536 1994 653 2069 quum
671 1972 747 2046 sint
762 1970 968 2061 verissima,
987 1972 1104 2050 cuivis

139 2080 329 2170 Scribere,
347 2083 504 2159 delicias
521 2107 569 2159 ne
586 2087 687 2160 mala
703 2096 832 2161 nostra
846 2097 995 2162 vocent.
1086 2095 1130 2166 16

92 2195 247 2273 Scilicet
261 2199 295 2272 is
312 2207 434 2272 status
450 2209 521 2286 est,
541 2224 587 2275 ea
603 2225 727 2276 rerum
743 2200 864 2276 forma
879 2225 1059 2292 mearum,

138 2311 299 2390 Deliciis
317 2313 431 2390 etiam
448 2315 569 2413 possit
585 2327 628 2389 ut
644 2339 728 2390 esse
746 2317 864 2392 locus.

93 2426 257 2504 Delicias
276 2429 331 2503 illi
349 2453 481 2530 precor
497 2430 566 2506 has
583 2430 816 2528 contingere,
828 2430 867 2506 ‘ai
886 2431 985 2531 quis,

137 2544 199 2620 Ne
216 2545 310 2620 mihi
328 2545 378 2620 ait
393 2545 509 2621 levior
527 2545 689 2622 Caesaris
707 2546 772 2634 ira,
790 2547 911 2623 timet.
1082 2557 1132 2627 20

120 2825 144 2875 8.
157 2825 274 2894 langa]
291 2829 451 2887 Quamobrem
458 2831 535 2882 salute
544 2846 587 2882 cs·
634 2848 689 2895 pore
700 2834 748 2895 ipso
756 2845 846 2898 gesom
859 2831 962 2880 obcurrit
976 2828 1076 2890 Halm
1092 2832 1133 2883 ubi

91 2901 262 2952 restostenrlit.
637 2905 774 2956 setmdnms
791 2902 918 2954 Medicam
936 2920 1014 2962 maus,
1033 2903 1079 2954 boc
1096 2915 1134 2956 est

120 2976 276 3042 adeletia]
294 2979 356 3037 Qua
372 2993 458 3046 corpus
474 2978 586 3032 anhelum
637 2975 1134 3030 mm.rruss.1w2aa.unriminiari.

91 3047 185 3101 uonna
454 3045 458 3052 ⁴
636 3051 1064 3119 Immollebe,qualatinis1uoesto
1073 3051 1133 3104 dici·

120 3125 235 3190 Aslulis]
265 3127 327 3186 Qua
347 3129 380 3178 ob
403 3137 487 3180 utum
509 3138 535 3180 et
553 3129 586 3180 si-
636 3127 884 3192 mrrlinguntsutem
894 3133 970 3191 poeta
980 3125 1132 3177 llebenDiis

90 3193 130 3245 tim
147 3197 328 3264 respirationem
346 3200 451 3260 brevem,
465 3201 585 3254 difficilem
636 3199 770 3250 ministrare
794 3198 889 3266 pocula.
928 3199 1035 3249 ersross
1053 3217 1134 3254 nasu.

90 3270 222 3321 etcelerm
234 3272 349 3324 efficiunt.
381 3276 495 3327 llsssas.
636 3273 746 3324 Candida
755 3283 779 3324 et
790 3273 889 3340 pulchra
898 3287 980 3324 manu
1011 3275 1083 3324 Man.

119 3345 143 3395 6.
161 3345 246 3412 Vsum]
271 3348 332 3405 Qua
348 3349 411 3398 ultra
426 3349 525 3400 modum
542 3351 587 3401 mi·
669 3350 709 3398 14.
727 3349 821 3398 Pondus
840 3347 934 3412 laerta]
958 3347 1034 3398 Cibus
1053 3350 1133 3414 gravis

90 3432 140 3469 care
151 3427 175 3469 et
185 3420 256 3470 salire
269 3421 329 3470 solet
337 3419 534 3476 febricitantibus.
634 3431 660 3473 et
670 3423 767 3473 modus.
793 3423 866 3473 Mra.
888 3422 925 3472 Tu
942 3429 1067 3474 construe:
1081 3434 1130 3476 ata·

68 3553 72 3560 ,
119 3493 144 3544 7.
169 3493 199 3544 Os
217 3495 341 3554 laeou'ot,
359 3499 478 3562 positaeprs
498 3510 587 3550 monem
635 3498 671 3548 bit
688 3506 711 3548 el
728 3498 796 3548 cibus
812 3497 838 3546 in
854 3497 975 3548 stomacho
994 3496 1089 3560 inerte;
1107 3509 1134 3551 ut

84 3565 181 3631 fastidis
191 3569 294 3632 mmm]
314 3569 496 3622 Oeesttardum
507 3573 587 3623 etim·
635 3570 667 3621 sit
684 3571 767 3631 inerte,
789 3586 832 3637 pro
851 3571 929 3629 uari,
946 3570 1050 3622 ablativo
1074 3588 1133 3624 casu

89 3650 168 3707 potens
178 3643 210 3694 srl
221 3643 395 3694 conficiendum
410 3643 504 3710 eibum;
521 3648 587 3698 nulls
636 3644 741 3696 dictum:
765 3649 827 3696 iners
846 3653 883 3696 est
902 3655 983 3696 autem
999 3649 1134 3706 scamellos,

89 3714 133 3764 obi
143 3716 283 3784 adpetentia
293 3726 410 3768 movetur.
636 3721 731 3784 quando
746 3735 816 3770 suum
827 3718 930 3769 officium
944 3735 993 3770 non
1008 3718 1077 3778 iacit,
1087 3720 1133 3772 boc

121 3791 158 3840 ll.
169 3792 261 3842 larices
269 3796 392 3858 mulosque
400 3794 522 3859 Deorum]
537 3793 585 3845 llic
635 3801 681 3851 est,
691 3810 738 3844 non
748 3794 874 3860 concoquit
884 3809 913 3844 ac
923 3793 1016 3859 (ligarit¹

90 3865 198 3931 exprimit
207 3865 268 3933 quid
282 3864 315 3916 sit
328 3875 410 3917 secur
419 3876 444 3917 et
453 3867 586 3932 ambrosis3
670 3869 710 3918 16.
733 3868 858 3933 Delicias]
876 3867 901 3916 b.
912 3868 931 3918 l.
951 3865 1072 3917 fastidium
1089 3866 1133 3918 bo·

90 3936 225 3998 lacobus,
237 3940 300 3989 illud
311 3949 381 4006 potus
391 3941 505 3992 Deorum.
634 3940 819 3994 minisdelicati.
852 3942 965 3991 llssus.

122 4015 158 4065 12.
176 4015 395 4079 Gaetulum]
413 4015 512 4082 Amana
525 4035 584 4066 aava
669 4017 707 4068 l't.
723 4016 815 4066 &tusc
832 4018 851 4064 is
869 4024 942 4064 carm
958 4013 1011 4076 aa]
1037 4009 1132 4062 Irouice

90 4085 187 4139 Jusessts
195 4109 204 4149 ,·
222 4097 304 4140 recte:
324 4089 358 4138 ita
372 4088 436 4139 enirn
450 4090 586 4140 scribebant
634 4090 679 4141 hoc
695 4091 786 4141 dictum
805 4099 849 4147 est,
866 4105 895 4138 cx
914 4103 961 4154 quo
979 4084 1088 4148 designat
1105 4101 1133 4136 se

90 4169 115 4210 ut
124 4163 210 4228 passim
221 4163 246 4212 in
259 4161 383 4213 veterrimo
393 4163 446 4212 cod.
473 4163 525 4214 Silii
535 4163 584 4212 Ita-
634 4181 683 4230 pra
701 4164 773 4215 nimio
794 4164 873 4214 dolore
888 4178 935 4212 uon
954 4175 1022 4226 posse
1038 4155 1133 4208 deliciis

90 4233 135 4286 liri.
158 4239 250 4288 Seneca
261 4235 367 4286 Hercule
377 4235 461 4286 (Eteo.
488 4237 517 4286 ln
529 4248 583 4286 resa·
634 4253 727 4288 vacare.
