2974 5100
265 373 335 439 EX
359 372 519 440 PONTO
543 375 634 441 LIB.
658 375 688 442 l.
712 375 857 444 EPIST.
882 378 951 445 111.
1058 381 1124 448 Q

77 547 245 644 Smyrna
253 548 375 621 virum
387 549 518 635 tenuit,
527 573 601 622 non
612 549 758 625 Pontus
772 562 811 626 et
825 553 972 629 hostica
985 556 1120 642 tellus;

122 663 243 738 Paene
263 664 388 738 minus
405 664 507 738 nullo
526 665 689 764 Smyrna
707 667 871 765 petenda
884 669 979 743 loco.
1073 675 1121 746 66

72 777 105 850 N
109 803 159 852 ou
178 779 303 854 doluit
319 779 441 880 patria
452 780 620 878 Cynicus
638 783 768 879 procul
783 807 867 858 esse
887 784 1098 884 Sinopeus3

124 894 238 994 Legit
256 896 357 970 enim
372 897 495 981 sedes,
510 895 638 970 Attica
653 908 765 984 terra,
784 908 890 974 tuas:

73 1011 192 1086 Arma
211 1011 416 1086 Neoclides
434 1012 500 1109 qui
518 1010 673 1088 Persica
689 1016 861 1089 contudit
877 1017 1002 1104 armis,

122 1126 306 1225 Argolica
322 1128 480 1226 primam
499 1128 617 1202 sensit
633 1129 782 1204 inurbe
800 1129 949 1228 lugam:
1073 1140 1122 1206 70

77 1242 220 1316 Pulsus
238 1243 425 1318 Aristides
441 1243 562 1342 patria
580 1244 851 1320 Lacedaemona
862 1247 977 1344 fugit;

125 1360 235 1435 Inter
253 1385 349 1458 quas
367 1361 536 1448 dubium,
551 1385 637 1458 quae
655 1363 756 1461 prior
773 1375 886 1450 essct,
906 1375 1009 1438 erat:

77 1476 195 1551 Caede
213 1502 309 1575 puer
324 1476 425 1553 facta
439 1477 640 1570 Patroclus
660 1479 816 1578 Opunta
832 1481 995 1578 reliquit,

124 1593 441 1692 Thessaliamque
459 1595 565 1682 adiit,
580 1596 719 1694 hospes
734 1596 904 1683 Achillis,
917 1597 1093 1671 humum:

79 1709 201 1784 Exsul
219 1713 267 1785 ab
286 1709 486 1788 Haemonia
503 1711 683 1786 Pirenida
698 1711 814 1786 cessit
831 1713 878 1786 ad
896 1713 1048 1799 undam,
1073 1717 1121 1786 75

125 1825 214 1912 Quo
231 1827 330 1902 duce
346 1827 448 1900 trabs
468 1826 631 1903 Colchas
649 1850 756 1901 sacra
771 1827 935 1902 cucurrit
948 1853 1065 1926 aquas
1082 1855 1089 1903 :

79 2009 133 2050 tunc
144 2001 241 2068 judicia
250 2003 385 2060 exercebat,
396 2002 577 2068 repetundarum
626 2017 699 2050 venta
707 2000 807 2050 Gracia
819 2015 911 2066 magna
923 2001 993 2050 saluti
1004 2000 1049 2050 luit
1058 2000 1123 2050 bello

80 2075 214 2132 damnatus,
237 2075 262 2125 in
283 2075 393 2126 exsilium
416 2077 501 2126 mimus
521 2086 575 2125 est:
629 2076 731 2126 Persico.
755 2075 962 2126 De'l’hemistocle
972 2078 1041 2141 plura
1051 2075 1124 2141 legito

80 2165 150 2213 quum
158 2157 242 2216 postea
252 2149 275 2198 ei
286 2151 316 2199 ob
327 2150 448 2214 Syllanam
456 2149 577 2199 victoriam
626 2150 690 2216 apud
701 2150 855 2209 Herodotum,
864 2149 1037 2218 Thucydidem,
1047 2153 1062 2201 J
1065 2149 1123 2200 usti·

80 2223 103 2272 in
120 2225 222 2290 patriam
242 2224 319 2274 redire
341 2224 430 2281 liceret,
448 2224 531 2274 maluit
552 2225 577 2274 in
626 2240 691 2282 num,
702 2241 729 2273 ac
738 2225 864 2274 AEmilinm
875 2227 987 2274 Probum.

81 2297 162 2346 exsilio
172 2313 232 2355 esse,
239 2313 312 2364 quam
320 2297 411 2364 ahquid
420 2308 502 2350 contra
512 2299 577 2364 leges
659 2299 698 2348 70.
707 2299 920 2364 Priinnmsugann]
930 2301 982 2348 lloc
991 2299 1058 2356 dicit,
1066 2299 1122 2364 quia

82 2369 161 2422 iecisse
172 2371 265 2430 uideri.¹
625 2373 712 2439 sapius
721 2373 797 2438 fugit:
815 2373 856 2420 scd
870 2372 943 2436 primo
953 2372 1030 2436 Argos
1041 2389 1121 2440 perro·

109 2447 149 2495 65.
165 2446 267 2509 Virum]
285 2445 412 2494 Rutilium.
447 2447 479 2494 Et
492 2447 575 2498 tornea
624 2447 667 2504 uit,
679 2457 705 2495 ut
716 2447 807 2496 dictum
818 2455 863 2494 est.

81 2521 152 2570 tsllns.
181 2521 255 2570 Multi
276 2519 331 2570 libri
352 2531 374 2570 et
393 2523 494 2582 hospita:
515 2522 574 2572 iorte
657 2522 696 2571 ⁷1.
715 2521 799 2570 Pulsus
817 2522 927 2568 Aristides
938 2520 1038 2582 patria]
1063 2519 1118 2568 Ari-

81 2594 202 2659 scripserit,
214 2613 259 2644 non
269 2596 365 2650 Pontus,
375 2596 487 2656 inhospita
498 2599 574 2653 tellus,
624 2595 705 2651 otides,
726 2593 860 2660 Lysimachi
882 2593 943 2642 lilius
960 2593 1120 2649 Atheniensis,

81 2683 119 2730 per
135 2667 317 2734 adpositionem‚
332 2677 358 2718 at
377 2676 405 2717 nt
425 2668 524 2718 adludat
542 2669 573 2718 ad
623 2669 722 2733 equalis
736 2669 785 2718 iere
795 2665 956 2722 Themistocli,
968 2666 1050 2730 itaque
1064 2681 1120 2714 cum

80 2757 205 2807 cognomen
215 2747 290 2793 meni.
318 2743 407 2793 Bona.
623 2756 651 2790 ao
662 2743 692 2792 de
704 2742 835 2808 principatu
846 2739 975 2788 contendit.

111 2817 151 2865 66.
161 2817 282 2881 Smyrna]
302 2818 402 2881 Smyrna
415 2818 471 2866 urbs
484 2817 575 2867 fuitlo-
658 2817 698 2866 72.
721 2816 776 2870 Qua
795 2817 859 2878 prior
879 2812 952 2875 esset]
976 2814 1037 2872 Qua
1059 2821 1121 2862 esset

83 2888 133 2948 nic,
144 2893 175 2941 ab
189 2891 312 2940 Amazona
328 2893 428 2958 Smyrna
445 2891 576 2957 adpellata,
625 2888 718 2946 clarior,
735 2889 850 2955 patrisne,
864 2903 896 2936 an
911 2886 978 2936 sedes
995 2887 1036 2936 ubi
1052 2901 1121 2936 essu·

82 2979 132 3028 qun
142 2965 263 3031 Ephesum
274 2967 352 3015 tenuit
358 2983 366 3025 ;
382 2981 412 3014 ea
421 2967 519 3015 urbsest
529 2983 576 3016 una
625 2964 714 3014 labant.

83 3053 109 3086 en
120 3037 155 3096 iis,
166 3055 220 3104 quta
231 3038 276 3088 sibi
287 3039 385 3088 llomeri
396 3040 489 3088 natales
497 3040 574 3089 vindi·
657 3037 697 3086 73.
705 3035 829 3086 Patroclus
836 3035 934 3100 Opunte,
942 3036 1048 3086 lncridis
1056 3036 1121 3092 urbe,

82 3123 168 3162 carnut.
204 3113 277 3162 Nullo
291 3115 346 3162 boo.
363 3112 438 3162 Nulla
451 3113 575 3164 slisurbe.
625 3112 650 3162 in
663 3112 763 3162 talomm
775 3111 828 3160 lusu
839 3111 1009 3176 Clysouymum
1020 3109 1123 3175 Amphi·

82 3185 184 3252 Smyrna,
202 3186 289 3252 inquit,
305 3201 379 3252 quum
397 3187 427 3235 sit
444 3188 500 3236 urbs
515 3203 574 3252 prc-
624 3186 742 3236 damantis
759 3185 832 3234 filium
847 3183 984 3250 imprudens
994 3184 1122 3234 occiderat.

82 3259 214 3318 claricinis,
224 3261 339 3310 minorem
354 3259 456 3310 adlarret
471 3260 574 3310 dolorem
625 3259 899 3311 mussitantem.
922 3259 1034 3308 Hsnnns.

83 3333 150 3383 ines
168 3333 297 3391 esstrlnnti,
319 3349 390 3400 quam
416 3333 573 3383 minuties:
656 3335 696 3382 74.
713 3333 868 3395 thamnam]
888 3333 976 3381 Urbem
990 3331 1119 3382 'l'hassdite

84 3407 144 3470 quasi
157 3407 233 3464 dicat,
246 3406 266 3456 si
282 3405 337 3472 quis
351 3407 419 3455 exsul
432 3407 511 3456 locum
521 3423 573 3472 gra·
624 3405 744 3463 Phthiam.
754 3405 853 3472 patriam
863 3403 974 3453 Achillis.

83 3480 301 3548 unquentum
318 3481 401 3531 urbem
416 3495 465 3546 pra
483 3481 574 3532 ceteris
657 3483 697 3531 75.
713 3481 783 3530 Exsul
801 3481 829 3528 ab
846 3479 984 3543 Hanania]
1001 3481 1057 3530 Mos
1074 3479 1121 3528 tuit

83 3555 157 3622 eliget.
624 3556 687 3622 apud
703 3555 820 3618 antiquos,
830 3561 857 3602 ut
874 3567 928 3602 reus
943 3552 1065 3606 homicidii
1077 3568 1121 3606 ess

111 3633 147 3682 67.
159 3633 380 3696 nonantulana]
392 3631 572 3698 Diogencmin·
623 3631 718 3680 sulnret
755 3627 784 3676 ln
809 3643 893 3692 regum
920 3635 1000 3678 umen
1027 3627 1120 3692 legibus

83 3707 169 3772 telligit,
180 3707 222 3773 qui
232 3707 350 3773 Sinopeus
363 3707 416 3765 luit,
426 3706 496 3756 lossii
508 3722 573 3756 men·
622 3705 710 3754 lactum
730 3711 775 3759 est,
796 3701 878 3752 noxios
898 3701 1019 3752 homicidii
1039 3699 1119 3750 arietis

83 3781 215 3832 sariilllius:
233 3797 305 3846 quem
316 3779 405 3844 fugisse
416 3781 491 3836 aiunt,
501 3795 574 3846 quum
623 3778 709 3826 damno
720 3777 900 3843 poenamluare.
935 3774 1119 3826 Pirentds.h.e.

83 3856 129 3917 ejus
143 3863 211 3921 pater
227 3854 324 3920 publica
343 3869 450 3903 menum
468 3852 573 3910 baberet,
622 3852 771 3908 Corinthum,
782 3851 823 3902 ubi
835 3859 885 3900 esst
894 3851 945 3901 lons
955 3851 1050 3905 Pirene,
1062 3847 1117 3896 lim·

83 3941 107 3976 ac
128 3929 185 3978 laiso
211 3929 339 3995 pecuniam
360 3927 473 3993 maret.
510 3927 570 3976 lude
620 3926 762 3994 pidissirnus,
773 3933 797 3975 et
810 3924 904 3975 diversa
917 3923 965 3974 duo
979 3920 1053 3971 maris
1063 3935 1117 3985 pro·
1215 3965 1219 3974 .

83 3999 181 4052 Athenas
197 4003 305 4061 reniam,
325 4001 484 4052 Antisthenen
504 4017 571 4050 secto
620 4013 738 4068 metens.
755 3999 817 4048 Plin.
825 3999 858 4047 ir.
865 3999 890 4046 3.

83 4083 116 4124 Μ
125 4087 166 4127 ⁸⁸¹·
655 4077 695 4126 76.
707 4075 756 4130 Quo
770 4073 848 4136 duca]
865 4073 961 4122 Jssone.
997 4069 1067 4116 Trahs
1080 4083 1117 4116 ss·

111 4151 149 4200 69.
160 4153 230 4202 Ama
242 4150 384 4214 Neoclides]
402 4149 573 4202 themistocles
622 4167 670 4200 cro.
685 4145 834 4212 Argumentis
843 4145 936 4194 Palladi
946 4151 1046 4197 sacrata.
1065 4141 1116 4188 Col·

84 4221 233 4286 Atheniensis,
249 4224 352 4277 Neoclis
369 4222 440 4282 filius,
457 4223 497 4288 qui
520 4222 572 4272 uni·
623 4225 675 4272 chor
690 4237 768 4285 aquus.
784 4219 830 4268 Per
846 4233 932 4284 quem
946 4214 1119 4266 Colchidisrs·

112 4297 181 4350 VOL.
192 4301 227 4350 11.
718 4294 766 4342 Ba
