2988 5116
370 416 435 480 ‹ssd
657 411 697 478 Ρ.
722 407 886 478 ovlml
911 409 1121 480 anoms

673 601 1109 750 BelsToLA'IV.

799 852 984 922 nmrou

369 1051 529 1126 Acerrn
547 1049 776 1148 colloquium
794 1049 918 1146 gelido
937 1047 1100 1124 Nosonis
1117 1051 1167 1124 ab
1186 1052 1296 1140 Istro,

418 1165 556 1253 Attice,
571 1164 715 1263 judicio
731 1187 806 1238 non
824 1163 1031 1238 dubitande
1049 1189 1145 1240 meo.

372 1281 520 1381 Ecquid
537 1282 660 1356 adhuc
677 1305 847 1356 remanes
865 1305 1007 1356 memor
1023 1281 1179 1357 infelicis
1197 1286 1334 1362 amicit

421 1398 573 1474 Deserit
586 1421 634 1472 an
651 1409 780 1497 partes
795 1396 973 1495 languida
989 1421 1079 1472 curn
1095 1400 1209 1472 suus?

372 1515 459 1590 Non
477 1515 530 1590 ita
548 1514 597 1588 Dr
614 1515 739 1590 tristes
756 1514 847 1588 mihi
865 1525 966 1600 sunt,
982 1525 1024 1588 ut
1041 1516 1194 1590 credere
1211 1517 1362 1614 possim,
1378 1523 1398 1590 5

420 1629 569 1728 Fasque
586 1641 716 1727 putem
728 1631 809 1728 jam
825 1639 865 1703 te
882 1652 956 1703 non
974 1631 1188 1705 meminisse
1204 1633 1291 1706 mei.-

371 1746 471 1820 Ante
488 1769 592 1820 meos
608 1745 737 1819 oculos
754 1755 820 1820 tua
836 1754 922 1833 stat,
942 1755 1009 1820 tus
1025 1771 1173 1846 semper
1189 1749 1315 1845 imago
1330 1760 1396 1831 est:
1478 1753 1479 1842 1

420 1861 472 1935 Et
483 1862 612 1935 videor
626 1861 752 1936 vultus
769 1872 895 1936 mente
911 1861 1037 1937 videre
1053 1873 1150 1937 tuos.
1478 1857 1479 1952 ]

371 1977 612 2052 Seriemuitn
628 1975 719 2050 mihi
735 1987 861 2051 tecum
878 1978 1014 2052 collata
1030 1978 1223 2068 recordor3
1478 1979 1479 2070 ξ

420 2091 457 2165 N
459 2115 502 2167 ec
520 2093 609 2166 data
620 2091 800 2190 jucundis
817 2103 986 2192 tempora
1003 2117 1125 2192 peuce
1135 2095 1245 2192 jocis.
1361 2101 1401 2168 10

369 2209 481 2307 Saepe
498 2208 582 2282 citae
600 2208 721 2304 longis
737 2209 827 2282 visae
845 2209 1079 2284 sermonibus
1097 2209 1218 2297 horae3

419 2325 530 2423 Saepe
547 2323 617 2399 suit
633 2325 789 2416 brevior,
810 2349 924 2423 quam
942 2349 1028 2400 mea
1042 2327 1167 2412 verba,
1186 2326 1282 2402 dies.

371 2441 481 2539 Saepe
495 2451 579 2515 tues
596 2435 737 2516 sactum
754 2443 856 2517 venit
873 2442 984 2516 modo
1001 2464 1151 2516 carmen
1170 2441 1217 2516 ad
1236 2465 1357 2530 aures,
1478 2437 1479 2506 Ῐ

419 2556 470 2631 Et
486 2581 582 2632 nova
592 2557 737 2655 judicio
755 2559 907 2634 subdita
924 2557 1038 2633 Musa
1053 2570 1119 2632 tuo
1136 2568 1207 2632 est.
1478 2625 1479 2632 ,

369 2672 480 2768 Quod
498 2684 540 2747 tu
558 2674 741 2762 laudaras,
754 2675 893 2774 populo
910 2673 1097 2774 placuisse
1110 2673 1311 2772 putabam:
1364 2678 1405 2746 15
1478 2681 1479 2754 j

419 2787 502 2864 Hoc
520 2789 683 2888 pretium
700 2812 799 2864 curte
816 2789 927 2864 dulce
945 2789 1105 2864 recentis
1122 2800 1214 2864 erat.

369 2903 501 3004 thue
518 2930 624 2982 meus
643 2907 732 2980 lima
747 2928 853 2980 rasus
871 2906 965 2980 liber
981 2915 1084 2998 esset
1101 2905 1224 2990 amici,
1478 2899 1479 2928 ¹

419 3021 506 3096 Non
524 3023 640 3098 semel
656 3021 848 3097 admonitu
865 3021 966 3098 sacta
981 3021 1094 3097 litura
1112 3031 1178 3096 tuo
1195 3033 1267 3096 est.

368 3135 450 3212 Nos
467 3136 546 3214 sora
561 3139 734 3213 viderunt
750 3140 901 3239 pariter,
920 3163 989 3214 nos
1006 3138 1174 3238 porticus
1191 3137 1328 3225 omnis,

419 3253 456 3326 N
458 3277 501 3327 os
517 3254 589 3342 via,
609 3277 678 3330 nos
690 3253 835 3353 junctis
852 3279 966 3330 curva
981 3254 1129 3329 theatra
1143 3253 1250 3328 locis.
1361 3259 1408 3326 20

399 3435 424 3483 4.
442 3439 480 3485 An
495 3453 553 3486 eum
573 3437 706 3504 lumidu]
730 3439 771 3488 An
789 3438 863 3488 Amor
946 3439 985 3488 1⁷.
1001 3438 1069 3488 Lm
1078 3437 1166 3502 aaut]
1182 3437 1236 3486 Τιιι
1251 3437 1409 3487 amiens

366 3508 502 3559 debilitatus
529 3510 599 3575 longo
625 3515 746 3577 tempore?
772 3513 863 3563 Deserit
911 3511 1296 3578 minuentignticncncjndiein.

365 3593 508 3646 mma.
540 3584 615 3633 Suum
625 3585 735 3635 officium.
768 3587 840 3636 Mun.
947 3588 984 3636 to.
1006 3587 1092 3636 nram
1112 3603 1158 3635 m
1178 3587 1245 3635 mci
1264 3596 1299 3634 at
1317 3585 1409 3652 factm]

401 3657 439 3706 16.
458 3656 515 3704 Erat
525 3658 607 3721 curm]
626 3659 690 3707 Nun
701 3657 862 3710 insolaton-
912 3661 967 3710 Non
982 3661 1065 3718 semel.
1075 3659 1117 3710 scd
1136 3659 1222 3725 sapius
1236 3662 1342 3726 expunxi
1357 3676 1410 3726 qne

364 3731 417 3786 bns,
436 3738 462 3778 ut
483 3737 591 3796 putarem
609 3747 663 3780 rnen
682 3730 788 3781 cumina
805 3747 820 3782 n
838 3741 862 3784 tc
912 3743 939 3785 tu
950 3749 997 3784 non
1006 3735 1132 3799 probabas.

366 3804 492 3854 emendata
502 3805 589 3871 populo
599 3805 702 3871 pinsere,
714 3813 739 3854 et
749 3807 862 3872 tuumju·
947 3809 985 3858 19.
1003 3807 1111 3874 Notsom
1120 3808 1227 3856 donst
1233 3807 1345 3870 parim]
1363 3807 1413 3856 Nos

366 3878 455 3928 dicium
470 3879 530 3928 tenti
548 3879 634 3936 iucem,
650 3882 733 3944 quanti
748 3879 865 3946 judicium
914 3881 998 3931 eodem
1005 3889 1110 3946 tempore
1120 3881 1146 3930 in
1155 3879 1413 3936 iormdosrcndimnn

365 3953 532 4021 totiuspnptdi.
546 3955 616 4002 Mus.
636 3953 864 4016 Hocprrtt'umcurae.
915 3955 1059 4021 suspicaturi
1068 3955 1274 4005 consummm-
1299 3955 1413 4004 suebum

367 4029 487 4078 Retenta
497 4029 590 4078 labores
600 4044 664 4076 mens
674 4028 699 4077 in
710 4028 863 4086 carminibus,
913 4029 976 4080 onim
986 4029 1157 4080 ndoleccentnli
1167 4028 1270 4079 Romam
1281 4035 1363 4094 togam
1373 4045 1413 4077 su·

367 4101 412 4152 hoc
423 4102 488 4152 dulci
502 4101 585 4169 pretio,
601 4101 768 4168 adprobatione
780 4101 863 4150 videli-
914 4109 1018 4157 merset
1027 4103 1126 4152 borbum
1135 4103 1412 4168 ponero,eloqmtinm·

365 4185 404 4225 cet
430 4185 480 4235 tun,
507 4178 688 4244 compensabunt
714 4185 739 4226 et
763 4178 863 4226 sclebas
914 4191 963 4241 que
981 4175 1006 4224 in
1027 4175 1076 4226 icto
1102 4177 1226 4242 suspicari.
1260 4175 1413 4224 Dicebnntnr

367 4251 445 4302 Posr.
913 4249 958 4315 ipsi
976 4253 1103 4307 tumet
1122 4251 1165 4300 ills
1186 4249 1249 4300 notio
1267 4253 1411 4300 ursum
