3020 5106
358 377 425 444 wi)
614 419 619 428 -
654 371 694 438 P.
717 369 880 438 OVIDII
904 369 1117 438 NASONIS

363 547 509 646 Siquid
527 547 566 620 id
583 555 654 632 est,
667 568 790 644 usque
807 569 830 618 u
847 545 995 644 proavis
1009 555 1118 620 vetus
1128 547 1269 646 ordinis
1280 547 1391 634 heres,

411 662 449 737 N
451 688 500 738 on
517 660 630 736 modo
646 660 805 735 fortunoe
824 685 978 736 munere
996 660 1119 736 factus
1136 686 1268 760 eques.

363 779 446 854 Nec
463 778 579 877 stirps
597 777 788 876 primatui
804 803 812 866 ;
842 777 970 874 genito
983 779 1063 875 jnrn
1081 777 1194 852 fratre
1211 791 1366 865 creatus,

412 893 488 980 Qui
504 883 727 969 tribus'ante
745 905 880 992 quater
897 895 1092 969 mensibus
1110 906 1215 968 ortus
1232 907 1324 970 erat.
1359 900 1395 967 10

362 1010 510 1085 Lucifer
528 1010 722 1084 amborum
741 1009 928 1100 natalibus
946 1009 1067 1084 adluit
1084 1010 1207 1084 idem:

412 1125 501 1202 Unn
517 1127 709 1202 celebrata
724 1136 785 1201 est
802 1149 869 1224 per
886 1127 963 1200 duo
980 1127 1060 1200 liba
1076 1126 1171 1201 dies.

362 1241 456 1318 Haec
475 1252 535 1316 est
551 1240 733 1316 nrmiseroe
751 1240 859 1316 festis
877 1241 925 1316 de
943 1241 1113 1340 quinque
1133 1242 1326 1330 Minervae,

412 1358 508 1445 Quae
526 1358 606 1432 fieri
624 1381 753 1457 pugna
769 1358 890 1456 prima
907 1368 1065 1434 cruenta
1081 1359 1191 1431 solet.

361 1473 541 1564 Protinus
559 1473 768 1548 excolimur
786 1473 919 1560 teneri,
938 1496 1105 1570 curaque
1124 1474 1304 1571 parentis,
1362 1477 1398 1546 15

412 1589 517 1665 Imus
536 1591 584 1663 ad
602 1589 769 1686 insignes
787 1588 892 1662 urbis
910 1589 958 1662 ab
977 1598 1058 1662 arte
1075 1588 1187 1662 viros.

358 1705 494 1780 'Frater
511 1705 560 1780 nd
577 1705 771 1802 eloquium
789 1704 896 1778 viridi
914 1705 1096 1780 tendebat
1113 1707 1161 1780 ab
1180 1699 1290 1792 aev0,'

412 1819 541 1895 Fortia
557 1819 705 1894 verbosi
723 1830 835 1895 natus
854 1821 902 1895 ad
920 1845 1024 1896 arms
1039 1821 1121 1896 fori.

314 2004 319 2018 x
362 1933 415 2035 rit
432 1935 523 2009 mihi
536 1937 617 2032 jam
635 1958 754 2032 puero
772 1936 941 2010 coelestia
958 1961 1065 2012 sacra
1080 1938 1297 2036 placebant,

411 2051 535 2149 Inque
553 2075 664 2125 suurn
681 2050 808 2126 furtim
828 2051 943 2128 Musa
960 2054 1136 2128 trahebat
1151 2078 1262 2152 opus.
1359 2061 1400 2126 20

363 2168 475 2266 Saepe
493 2176 599 2265 pater
617 2166 738 2241 dixit:
767 2167 936 2242 studium
955 2169 1047 2266 quid
1067 2169 1198 2244 inutile
1216 2172 1365 2246 tentes?

411 2281 621 2358 Maeonides
640 2282 763 2358 nullas
781 2284 864 2382 ipse
882 2285 1035 2383 reliquit
1052 2309 1165 2384 opes„

360 2397 491 2474 Motus
509 2424 611 2475 erum
627 2399 752 2488 dictis,
771 2410 928 2499 totoque
945 2400 1130 2476 Helicone
1148 2401 1293 2488 relicto,

327 2559 333 2572 ·
412 2515 586 2591 Scribere
603 2517 767 2591 conabar
785 2518 898 2594 verba
916 2518 1040 2592 soluts
1058 2517 1204 2592 modis:

394 2793 417 2844 7.
427 2795 453 2843 Si
462 2799 519 2859 qnid
529 2799 554 2844 id
563 2797 617 2860 est]
634 2795 701 2846 Ordo
711 2804 761 2846 nst:
774 2805 860 2846 etrum
910 2797 974 2848 diem
985 2797 1094 2863 quintum
1103 2798 1267 2846 celebrentur:
1280 2797 1335 2846 side
1341 2797 1404 2846 Alex.

359 2867 438 2919 luctus
447 2885 520 2934 eques
531 2885 577 2920 non
589 2885 652 2920 nunc
662 2879 687 2920 et
697 2885 781 2920 recens
790 2871 861 2920 modo
910 2873 942 2921 nb
959 2873 1031 2922 Ales.
1052 2870 1093 2920 lib.
1115 2871 1139 2921 ii.
1160 2887 1216 2937 cap.
1232 2873 1284 2931 2⁶2;
1307 2881 1332 2920 et
1352 2871 1404 2921 ibid.

360 2958 458 2994 munere
482 2943 591 3001 immun,
612 2943 654 2994 ssd
673 2945 746 3010 longa
765 2960 859 2994 succes-
909 2945 1134 3010 unquentum
1150 2944 1291 3010 erchrid.
1315 2947 1343 2994 12
1362 2945 1404 2992 Kr-

360 3016 434 3073 sione,
445 3028 469 3066 et
480 3016 544 3066 unde
557 3033 572 3066 s
586 3017 715 3083 majoribus
726 3019 794 3068 heres
807 3034 860 3068 sum
910 3019 975 3070 lend.
986 3017 1063 3086 April.
1071 3035 1106 3068 sc.
1117 3021 1157 3068 21.
1168 3019 1260 3068 Martii.

359 3089 483 3154 dignitatis
493 3090 617 3154 equestris.
643 3091 860 3157 Muwssorrunae.
947 3093 984 3142 16.
996 3093 1030 3142 Ab
1040 3102 1092 3142 αντε
1102 3093 1184 3156 siren]
1201 3091 1313 3156 Insignes
1323 3092 1353 3140 ab
1363 3101 1407 3139 erte

361 3159 417 3212 Non
437 3162 508 3212 modo
528 3163 626 3220 divitiis,
647 3179 700 3229 que
721 3173 777 3214 sunt
797 3166 861 3214 buna
911 3166 1003 3232 accipio
1012 3183 1061 3223 eos,
1070 3165 1111 3232 qni
1123 3165 1212 3216 artibus
1222 3165 1406 3230 quibuscumque
1488 3207 1489 3214 ,

360 3235 474 3287 ionum:
492 3237 534 3302 qui
552 3237 615 3286 eninr
633 3237 806 3303 quadringenta
823 3253 859 3288 ss·
910 3239 1033 3298 docendis,
1054 3239 1161 3306 insignes
1181 3255 1210 3289 rc
1232 3237 1342 3290 celebres
1362 3249 1404 3290 tun

359 3311 441 3360 stertis
455 3311 615 3376 possidebant,
624 3312 727 3378 equestri
743 3311 860 3378 dignitate
911 3313 985 3363 suere.
1018 3315 1115 3362 Mrcrn.

360 3383 517 3442 debebantur,
526 3393 551 3432 et
565 3385 593 3432 ll
605 3385 860 3436 ordinibusintheatro
946 3388 985 3436 lu.
1004 3386 1086 3436 Fortis
1106 3385 1212 3450 verbosi]
1241 3385 1324 3436 Fortis
1343 3387 1409 3436 verbs

320 3527 323 3536 ι
360 3457 485 3524 spsctsndi
495 3457 573 3522 grstia
583 3459 707 3508 sedebant.
741 3459 811 3510 Cror.
910 3472 991 3516 sucat.
1021 3471 1140 3510 oraturum
1167 3461 1295 3519 erutiones,
1322 3469 1409 3527 propter

395 3532 433 3580 12.
454 3531 507 3580 Una
522 3535 636 3582 celebrata
651 3534 705 3598 set]
727 3535 796 3583 Idem
809 3525 861 3586 dies
911 3533 1409 3601 summaneloquenusvinqussnmn
1488 3543 1489 3546 ’

360 3605 456 3664 mulis,
468 3605 526 3655 mibi
537 3605 622 3673 illique
632 3607 773 3657 celebratus.
911 3626 958 3676 quo
976 3610 1028 3659 vult
1045 3607 1153 3666 sdducit,
1172 3618 1196 3658 et
1215 3607 1279 3657 unde
1302 3609 1354 3657 vult
1370 3608 1407 3656 de-

393 3683 433 3732 1³.
449 3683 574 3748 Assem
580 3684 650 3752 sertis
660 3687 688 3733 de
698 3687 798 3750 quinque
813 3685 860 3734 Mt·
911 3683 991 3734 ducit.

359 3757 455 3822 m]
474 3757 609 3808 Secundum
625 3758 689 3808 diem
706 3775 736 3809 ex
754 3759 860 3826 quinque
946 3760 984 3808 19.
997 3759 1101 3808 calestia
1115 3755 1200 3818 mern]
1220 3756 1307 3806 Poesrn
1326 3756 1409 3806 intelli·

360 3831 755 3898 Minerrreconsecrstisdcsignat.
780 3833 861 3882 Prima
910 3831 953 3897 git.
974 3833 1045 3882 Men.
1078 3831 1117 3879 An
1132 3830 1351 3878 Permissum?
1366 3831 1409 3880 tale

359 3905 423 3956 enirn
433 3905 473 3955 die
482 3904 533 3954 ludi
547 3905 691 3972 gladiatorii.
703 3915 730 3956 ut
740 3907 859 3972 sequenti·
911 3906 970 3971 qnid
981 3907 1048 3956 latet.
1082 3907 1171 3955 Herse.

359 3983 405 4030 bus
420 3979 513 4036 diebus,
523 3995 569 4028 non
580 3981 762 4038 exhibebantur.
786 3983 861 4031 Fuere
943 3981 983 4030 to.
995 3976 1255 4045 1ηφωιιήιω]ὶινιίη.]
1273 3977 1339 4043 Quis
1349 3989 1410 4043 puter

361 4063 441 4104 sutem
455 4055 604 4117 relinquntur
621 4053 736 4120 Minervae
753 4055 814 4104 sessa
832 4055 860 4102 1³
912 4055 961 4103 fieri
981 4071 1018 4103 me
1036 4063 1130 4119 poetam
1149 4051 1260 4100 nolebat:
1284 4051 1366 4117 itaque
1384 4069 1410 4102 eo

360 4125 421 4177 Kal·
436 4127 513 4194 April.
531 4127 575 4176 boc
594 4135 638 4184 est,
657 4129 690 4176 20
708 4126 747 4176 die
769 4127 861 4185 lllsrtii,
911 4126 987 4176 inscie
997 4125 1136 4176 factitabant
1148 4123 1283 4174 versiculos.
1322 4125 1397 4175 Posr.

361 4199 427 4250 diets
451 4218 467 4251 ι
487 4202 631 4266 quinquertio
652 4199 700 4258 die,
722 4200 786 4266 quod
808 4210 861 4266 pust
944 4203 983 4250 22.
1003 4201 1146 4264 Maeonides]
1166 4197 1294 4248 Humerus.
