3020 5106
234 331 240 342 '
276 324 513 425 nnrsrruir
536 353 628 422 usu.
651 305 876 422 rvfunno.
900 353 1004 422 v111.
1098 357 1164 424 sos

109 527 160 605 Et
175 553 337 628 parvam
351 531 543 606 celebrare
555 530 724 616 domum,
738 539 963 626 veteresque
983 529 1161 620 Penates,

16 738 21 748 ι
159 643 211 719 Et
227 670 318 744 quoe
336 669 437 720 nuno
453 645 606 720 domiuo
624 669 710 720 rure
726 656 884 744 paterna
900 656 1048 723 carent:
1116 653 1161 721 10

110 759 232 858 Inque
250 761 338 836 sinu
355 762 529 850 domiuae,
549 762 724 860 curisque
741 761 957 862 nepotibus,
978 761 1094 861 inque

163 876 332 951 Securus
350 878 471 976 patria
486 877 847 953 consenuissemes.
908 869 913 880 ’

113 989 206 1066 Huc
222 981 312 1068 mes
330 993 385 1068 sic
395 995 595 1092 'quondam
612 994 743 1094 peregi
762 1003 980 1092 speraverat
997 1001 1111 1082 aetas;

162 1107 247 1184 Hos
265 1135 339 1208 ego
356 1110 412 1185 sio
430 1135 548 1186 annos
566 1112 730 1188 condere
747 1110 886 1208 dignus
904 1133 1021 1184 oram.

114 1222 201 1298 Nou
219 1225 274 1300 ita
292 1226 362 1300 Dts
378 1228 512 1316 visum,
528 1228 594 1326 qui
612 1237 875 1325 metensque,
891 1217 1063 1324 uiarique
1119 1227 1165 1298 15

162 1341 316 1431 Actum,
337 1342 556 1419 Sarmaticis
573 1365 784 1442 exposuere
801 1339 909 1416 locis.

113 1453 159 1530 lu
176 1481 270 1532 cavo
286 1459 477 1534 ducuntur
493 1473 643 1558 quossae
659 1459 805 1536 novalia
823 1479 986 1556 puppes,
1000 1477 1007 1490 ·

162 1572 223 1647 Ne
241 1584 386 1648 temere
403 1573 442 1648 in
460 1575 595 1650 mediis
612 1574 867 1649 destituuntur
884 1570 1017 1670 aquis:

115 1686 174 1762 Ne
190 1691 318 1779 eadat,
336 1701 377 1766 et
392 1690 530 1766 multas
547 1693 694 1791 palmos
712 1690 928 1765 inhonestet
942 1687 1116 1786 adeptas,

162 1801 382 1902 Languidus
399 1805 438 1880 in
455 1807 572 1906 pratis
591 1807 762 1904 gramina
777 1805 900 1904 curpit
916 1827 1061 1901 equus:
1116 1807 1166 1875 20

116 1917 240 2008 Miles,
260 1929 305 1995 ut
321 1921 488 1996 emeritis
507 1934 657 1997 nonest
674 1921 767 1996 sotis
784 1920 887 1994 utilis
906 1919 1027 2005 anuis,

162 2035 278 2110 Ponit
296 2037 344 2112 ad
362 2037 553 2136 antiquos,
572 2063 659 2136 quse
677 2037 765 2112 tulit
781 2058 898 2122 uma,
919 2035 1047 2110 Lares.

145 2335 169 2383 9.
196 2335 339 2400 Celetrum]
365 2335 391 2386 h.
412 2352 436 2388 e.
456 2337 614 2402 frequentare,
665 2325 808 2404 quibusdem
820 2335 892 2385 etiem
902 2332 976 2382 semel
987 2331 1058 2380 ruodo
1073 2331 1168 2380 usunr.'’

115 2407 224 2460 inonlere.
257 2411 374 2460 Hssus.
664 2412 744 2469 Adde,
755 2426 810 2476 ques
825 2423 896 2474 suprs
910 2407 947 2456 iii.
960 2407 998 2454 12.
1006 2407 1030 2454 6.
1040 2405 1071 2454 de
1082 2405 1169 2454 voosb.

149 2487 185 2534 10.
207 2485 277 2534 Rura
292 2484 411 2550 parm]
436 2486 480 2536 Me
500 2486 541 2552 qui
562 2503 614 2536 suro
664 2489 910 2536 rustieomonuersro.
943 2481 1109 2530 Burmannunr
1126 2494 1169 2527 su-

115 2557 324 2608 dominuseorunn.
357 2559 432 2608 Erant
442 2567 521 2608 nutem
533 2559 557 2608 in
568 2559 613 2608 Pe·
664 2557 916 2608 temoffeuditmuttar
925 2556 1013 2616 palmos
1028 2553 1131 2614 adeptos,
1145 2561 1170 2601 et

115 2630 190 2696 lignit-
664 2633 749 2685 vitium
768 2631 794 2680 in
811 2631 848 2694 τῷ
860 2629 944 2678 mssa·
961 2641 1013 2676 esse
1027 2633 1108 2690 pntnt,
1126 2641 1170 2690 pro

148 2708 185 2756 14.
203 2707 313 2770 Ponere]
331 2706 356 2755 h.
373 2722 396 2757 e.
414 2706 539 2763 collusore,
550 2716 615 2756 trun-
664 2723 713 2774 quo
727 2709 801 2770 turpis
816 2711 859 2753 aut
874 2705 949 2752 lentus
962 2711 1004 2749 aut
1020 2697 1098 2748 simile
1108 2699 1168 2766 quid

115 2779 197 2846 sigere.
229 2781 346 2831 Heinsius
367 2789 458 2838 sutem,
478 2780 614 2838 arbitratus,
665 2780 792 2831 desideret
825 2777 873 2828 Sed
888 2771 1169 2840 tunctrrrgutdunquod

114 2873 183 2904 moos
190 2854 330 2918 ponsrshoe
338 2853 615 2906 amnonnutrtine
664 2855 726 2904 bene
746 2850 872 2921 respondet
892 2851 929 2914 τῷ
947 2851 1031 2898 multos
1047 2848 1169 2910 patenas-

115 2930 169 2987 diri,
179 2929 285 2986 refinxit,
298 2946 369 2977 annor
378 2932 480 2978 eunden.
507 2929 541 2977 Ar
552 2927 615 2977 enim
664 2931 765 2991 adeptas,
777 2936 802 2975 et
818 2941 897 2974 senem
915 2937 1004 2987 equum
1021 2919 1105 2986 pulcre
1122 2920 1167 2970 de-

112 3005 160 3070 jam
169 3005 333 3054 Bersmonnus
341 3002 616 3068 observavitflnetspho-
665 3002 749 3068 pingit,
756 3001 929 3064 languesceret.
962 2997 1035 3044 Porro
1045 2993 1170 3052 Heinsius,

115 3095 162 3128 rem
177 3078 282 3130 arentis
296 3087 401 3128 sumum
418 3093 479 3135 esse,
489 3093 531 3144 pro
549 3077 616 3128 finire
666 3075 799 3141 quisprim.
810 3066 1172 3132 Vaticanodsfptinstiusrdep·

115 3169 191 3202 erum
215 3152 318 3208 dictum,
341 3161 366 3201 et
387 3151 534 3216 Verpoorten
555 3153 616 3200 bene
667 3146 906 3203 restaurationum
919 3141 1169 3209 jubet,muttisodep·

115 3227 220 3276 tsndsrit
231 3226 312 3276 Cicer.
324 3243 348 3275 v.
359 3225 390 3276 sd
406 3225 493 3275 divers.
504 3225 566 3292 epist
576 3227 617 3276 21.
666 3225 704 3280 rte,
721 3221 832 3272 nmirum
848 3217 942 3286 polinis,
954 3215 1018 3283 quod
1034 3213 1099 3262 idern
1117 3225 1171 3275 est3

114 3303 138 3350 3.
169 3301 261 3349 Herus.
667 3294 909 3352 nisidixeris,sonuru
918 3292 973 3340 iude
984 3287 1065 3340 enasci
1075 3285 1172 3338 suavio-

147 3371 494 3435 l⁷.1ueouoduruntnr,&e.]
511 3371 617 3422 Nerium
666 3384 724 3418 rem.
758 3369 839 3426 Quare
862 3365 922 3415 nihil
940 3371 1066 3413 mutarem.
1099 3363 1172 3428 Equi,

114 3448 229 3514 exemplo,
241 3462 297 3512 quo
312 3445 385 3510 longa
398 3445 549 3512 navigatione
563 3462 616 3511 pro·
667 3442 744 3508 quiin
760 3439 825 3490 ludis
836 3440 957 3490 victoriam
968 3437 1055 3504 sepius
1066 3445 1171 3502 reporte-

114 3521 179 3593 cellis
195 3521 304 3586 ugiente,
315 3519 341 3568 in
357 3520 482 3570 novalibus
498 3535 615 3584 reponnn·
666 3525 730 3574 runt,
747 3515 773 3566 in
793 3531 880 3579 magno
900 3513 975 3579 pretio
994 3510 1058 3578 opud
1080 3521 1174 3560 veteres

115 3605 195 3653 tome
209 3609 295 3646 senens
308 3592 368 3644 dicit
382 3593 480 3660 placida
489 3591 571 3658 quiete
581 3592 617 3642 uti
666 3591 770 3640 suerunt.
802 3588 868 3640 Telis
877 3586 949 3652 igitur
962 3586 1069 3636 infirmus
1082 3584 1174 3634 viribus

115 3668 233 3718 debuisse.
667 3672 693 3714 et
718 3679 792 3714 senes
811 3678 853 3729 per
878 3667 947 3727 pinta
967 3659 1042 3708 libere
1063 3664 1175 3720 regotur.

146 3743 184 3794 19.
201 3737 619 3792 Heinsiohoedistichonvidebstur
668 3739 787 3800 Adipirror
824 3735 848 3784 h.
880 3733 898 3784 i.
933 3733 1027 3798 passive
1061 3729 1173 3778 sumitur.

114 3817 228 3882 pusioni,
244 3806 318 3880 'quod
340 3813 439 3862 verbum
459 3814 618 3862 inhonorandi
668 3812 783 3860 Hsnnrs.

114 3890 152 3940 rix
179 3891 239 3940 alibi
271 3896 381 3938 oceunst
406 3887 472 3952 opud
503 3895 617 3936 nostrum.
701 3886 744 3934 22.
757 3884 827 3932 Ponit
835 3885 866 3930 od
876 3877 1001 3944 antiquos]
1019 3874 1113 3923 Milites
1124 3878 1173 3924 stn-

114 3963 240 4014 Enimvero
250 3970 317 4014 recte
323 3961 375 4027 jero
385 3957 546 4018 Burmannus,
557 3966 573 3988 ‘¹
580 3975 618 4008 ro·
668 3957 718 4020 guli
727 3956 845 4024 perfuncti
853 3953 947 4008 militia,
958 3948 1109 3999 donabantur
1118 3963 1173 4012 rep·

114 4039 170 4096 lum,
182 4037 557 4096 praeeminentissimum
572 4049 619 4084 non
669 4031 739 4088 tenis,
747 4030 886 4096 pluribusve
902 4021 1041 4089 aliquando,
1048 4018 1175 4083 jugeribus

115 4123 227 4172 moveret,
234 4122 263 4162 ut
273 4125 445 4177 expungerent,
452 4125 526 4175 quum
536 4107 619 4164 seisro,
669 4111 745 4160 terre,
751 4118 798 4167 qno
804 4107 899 4168 possent
905 4097 1023 4161 reliquum
1028 4091 1087 4174 vitu
1094 4107 1175 4176 egere.

116 4187 235 4238 Nasonem
247 4183 361 4252 pluraits
370 4184 445 4232 rerba
455 4197 587 4249 usurpasse,
596 4189 621 4232 et
670 4179 784 4228 Solebsut
802 4185 890 4231 ruteni,
901 4184 975 4238 quum
990 4164 1107 4217 emilina
1123 4167 1173 4216 dtr-
