2982 5118
240 435 314 503 EX
337 433 499 501 ΡΟΝΤΟ
523 431 615 498 LIB.
638 431 702 500 1v.
726 432 874 501 EPIST.
898 435 948 500 X.
1051 435 1115 504 511

74 613 235 688 Fortuna
251 622 313 686 est
331 607 451 709 impar
468 606 607 695 animo,
625 605 770 706 telique
787 608 950 685 libenter

119 731 291 830 Exiguae
309 751 425 828 carpo
441 750 597 803 munere
614 750 759 826 pauper
777 750 885 825 opes.

74 849 150 924 Nec
163 847 302 924 vestris
311 847 446 921 domus
460 844 541 918 hmo
552 841 685 930 oeulis,
700 843 832 940 procul
845 842 940 916 urbe
958 844 1089 918 remoti
1102 874 1112 934 ;

120 962 301 1039 Contenti
319 961 437 1036 tacita
453 960 521 1034 sed
537 957 679 1058 pietate
697 981 840 1032 sumus.

76 1081 123 1155 Et
136 1091 267 1155 tamen
284 1077 365 1152 hmo
383 1084 543 1173 tangent
560 1073 763 1172 aliquando
778 1073 942 1148 Caesaris
960 1099 1092 1150 aures:

122 1197 186 1271 Nil
203 1195 324 1280 illum,
338 1203 418 1268 toto
436 1191 541 1290 quod
558 1190 602 1264 fit
618 1189 656 1264 in
670 1189 773 1276 orbe,
791 1191 898 1264 latet.
1048 1195 1117 1265 126

76 1311 128 1386 'lu
144 1321 250 1387 certe
268 1310 343 1384 seis
360 1310 431 1382 hoc
451 1305 609 1405 Superis
628 1304 783 1393 adscire,
794 1305 990 1403 ridesque,

123 1428 267 1514 Caesar,
283 1436 325 1500 ut
339 1436 400 1500 est
416 1423 536 1499 oculis
555 1419 708 1496 subdita
724 1431 823 1496 terra
840 1421 914 1496 tuis
929 1421 937 1494 Ι

76 1543 129 1617 'l'u
145 1554 296 1618 nostras
315 1540 435 1628 audis,
454 1541 552 1614 inter
568 1561 739 1612 convexa
754 1537 902 1612 locatus

124 1660 271 1748 Sidera,
291 1659 451 1733 sollicito
469 1680 566 1756 quas
583 1656 715 1731 damus
733 1677 809 1742 ore,
829 1676 975 1752 preces.
1049 1658 1120 1728 130

79 1775 304 1852 Perveniant
321 1775 417 1849 istuc
436 1785 475 1848 et
491 1772 658 1848 carmina
673 1770 830 1846 forsitan
847 1769 922 1858 illu,

123 1891 219 1977 Quae
238 1892 288 1966 de
306 1899 345 1964 te
361 1890 446 1964 misi
464 1889 589 1964 coelite
606 1887 709 1961 faeta
725 1911 833 1962 novo.

79 2007 250 2105 Auguror
267 2007 326 2082 his
343 2007 457 2103 igitur
474 2005 576 2081 flecti
594 2016 661 2080 tua
676 2005 852 2093 numina3
881 2011 951 2078 nee
969 2013 1009 2078 tu

123 2122 322 2198 immerito
339 2147 476 2198 nomen
494 2123 587 2198 mite
604 2122 772 2221 parentis
790 2122 921 2196 habes.

397 2575 722 2653 EPISTOLA
755 2578 805 2652 X.

411 2781 431 2823 *
453 2777 790 2846 ALBINOVANO.

85 2942 161 3019 H1c
180 2942 275 3018 mihi
293 2940 498 3017 Cimmerio
514 2939 575 3014 bis
592 2940 703 3044 tertia
720 2937 871 3014 ducitur
888 2951 999 3016 aestas

131 3059 272 3148 Litore,
291 3059 441 3158 pellitos
459 3057 557 3136 inter
577 3057 724 3156 agenda
742 3055 874 3132 Getes.

115 3326 169 3374 121.
196 3325 303 3374 Fortuna
329 3335 362 3374 ert
384 3325 459 3386 impar
480 3322 577 3387 animo]
629 3323 661 3374 Et
675 3331 703 3374 tu
720 3340 734 3374 e
752 3323 815 3378 melo
831 3323 934 3391 despicis
953 3341 1007 3391 qum
1025 3327 1086 3378 flunt
1101 3329 1128 3380 io

83 3395 137 3448 Non
150 3415 248 3464 possm
263 3405 356 3449 tentum
369 3397 472 3462 nequi,
483 3396 522 3446 vel
535 3395 581 3446 im·
629 3406 699 3450 term.

84 3472 183 3535 pendere
202 3479 299 3539 propter
316 3469 488 3537 impotentiam,
504 3485 580 3536 quen·
664 3473 719 3522 lat.
737 3472 865 3538 Pomm]
884 3472 963 3524 Petris
973 3473 1071 3540 parim
1086 3475 1129 3526 sed

83 3552 132 3594 tum
149 3545 227 3612 cupio,
239 3544 385 3596 ostendendo
398 3543 510 3610 pietatem
525 3559 582 3610 erga
630 3547 727 3598 Sueten.
736 3563 790 3616 erp.
797 3549 840 3600 16.
849 3563 969 3602 metusne
979 3549 1024 3602 hoc
1035 3566 1130 3610 nomen,

84 3617 227 3684 Augustum.
249 3619 310 3668 Tali.
330 3617 581 3684 Talpieutiiofficio.
629 3620 721 3672 scribit.

116 3695 171 3744 122
189 3693 286 3757 Curru]
304 3693 423 3744 Consumo
431 3702 455 3742 et
464 3691 581 3758 expendo.

116 3769 172 3818 123.
190 3769 241 3821 Neo
255 3771 422 3818 mordemur
431 3769 477 3816 lec
490 3766 581 3830 oculu]
664 3768 888 3834 *Auorsovruoff
916 3768 1010 3820 Merula
1029 3769 1130 3822 Albino·

84 3841 136 3892 Nee
160 3842 214 3892 hae
239 3841 388 3892 celebremus
408 3841 435 3891 in
454 3850 582 3908 conspeetu
631 3858 718 3913 renum
740 3843 803 3894 hunc
824 3859 875 3894 esse
893 3842 974 3901 trudit,
987 3843 1084 3894 Celsum
1100 3845 1130 3894 il·

85 3924 169 3974 rutro,
191 3923 219 3972 ut
237 3916 361 3968 videamur
378 3932 394 3966 o
413 3916 488 3974 robis,
510 3924 535 3968 et
553 3931 582 3965 eo
631 3917 691 3976 lum,
708 3918 739 3968 ed
760 3933 831 3983 quem
854 3927 879 3968 et
899 3917 1012 3968 Horatius
1029 3918 1131 3984 scripsit.

84 3991 503 4057 pectogrstiemrestramioeemus.
632 3991 814 4056 EgoPedouem
821 3991 1131 4048 Albinovanum,uonCelri

117 4067 173 4116 127.
191 4065 228 4114 Tu
238 4075 299 4116 urle
309 4069 351 4114 oris
361 4066 422 4130 loo]
441 4065 521 4114 Vertit
534 4079 582 4115 ser·
632 4081 775 4131 prenomen,
792 4065 835 4116 sed
855 4065 909 4115 Caii
929 4065 1048 4124 habuisse,
1066 4068 1130 4132 apud

84 4152 176 4190 morem
196 4139 230 4189 ed
246 4137 389 4203 Augustum,
406 4154 477 4204 quem
498 4147 582 4190 ostem
632 4139 692 4191 alios
710 4139 809 4204 reperio.
850 4139 882 4187 Et
901 4137 1014 4188 Horatius
1033 4139 1130 4190 Celsum

86 4210 502 4280 ritethujusmodiergssepietstir.
632 4212 709 4272 illum,
720 4228 767 4262 non
778 4221 806 4262 ut
815 4221 916 4278 poetam,
927 4211 970 4260 sed
980 4218 1007 4262 ut
1019 4212 1130 4264 comitem

117 4288 172 4340 128.
190 4285 580 4349 Etmmullsmlditatmotum]
633 4284 1002 4340 seretibamNeronisuelebrst.
1034 4285 1132 4340 Mrcre.
