2982 5118
217 419 289 486 EX
312 419 473 488 Portuo
498 419 590 486 Lm.
614 417 684 486 111.
709 417 856 488 EPIST.
877 419 982 488 VIII.
1058 423 1126 490 476

76 596 154 668 Cur
170 621 246 692 ego
263 594 421 693 concepi
441 595 634 693 Scythicis
651 620 711 670 me
729 619 841 696 posse
860 619 986 672 carere

124 712 297 799 Finibus,
316 721 357 786 et
373 724 472 786 torre
486 713 722 811 prosperiore
739 712 832 786 fruit
1074 717 1123 786 30

76 828 154 900 Cur
172 828 319 926 aliquid
337 828 386 903 de
403 853 465 904 me
482 829 629 928 speravi
646 829 768 904 lenius
786 829 977 926 unquam?

123 944 187 1016 An
204 943 359 1018 fortune
373 943 465 1018 mihi
483 945 537 1020 sic
556 967 641 1019 meo
657 955 747 1020 nota
763 943 860 1018 fuitt

77 1057 274 1156 Torqueor
290 1085 340 1134 en
356 1060 528 1156 gravium
556 1060 793 1159 repetitaque
810 1058 929 1134 forma
945 1061 1113 1140 locorum

125 1173 320 1249 Exsilium
337 1187 492 1251 renovat
508 1177 629 1265 triste,
648 1199 855 1274 recensque
873 1175 976 1250 facit.

79 1289 149 1364 Est
165 1302 297 1368 tamen
316 1292 456 1379 utilius,
475 1293 643 1366 studium
660 1315 830 1368 cessasse
848 1297 1029 1379 meorum,
1079 1297 1128 1367 35

127 1406 270 1495 Quam,
287 1431 385 1505 quas
403 1407 606 1496 edmorint,
623 1432 699 1482 non
716 1407 878 1482 voluisse
896 1431 1041 1505 preces.

80 1522 224 1621 Magna
242 1524 397 1621 quidem
421 1548 481 1599 res
499 1535 570 1614 est,
587 1549 704 1623 quom
721 1549 797 1599 non
814 1523 975 1610 audetis,
993 1524 1127 1600 emiciz'

128 1639 209 1714 Sed
227 1638 261 1712 si
280 1639 365 1736 quis
382 1649 541 1737 peteret,
561 1639 627 1738 qui
645 1641 736 1716 dere
751 1641 877 1728 vellet,
894 1649 988 1716 erat.

82 1754 299 1828 Dummodo
318 1780 392 1830 non
409 1757 516 1831 vobis
533 1756 606 1833 hoc
623 1757 785 1832 Oaesoris
799 1757 855 1830 ira
871 1755 1028 1854 negarit,

128 1871 294 1946 Fortiter
312 1869 472 1948 Euxinis
491 1874 743 1949 immoriemur
760 1872 884 1971 equis.
1074 1875 1130 1946 -40

356 2251 701 2350 'srrsrorr
728 2253 840 2331 v111.

498 2437 713 2506 MAXIMO.

84 2581 183 2664 Qum
202 2579 288 2666 tibi,
308 2579 537 2675 quaerebam,
557 2601 760 2654 memorem
779 2579 960 2654 testantia
975 2603 1116 2668 curam,

129 2697 243 2771 Dona
260 2694 481 2769 Tomitanus
499 2695 649 2771 mittere
667 2706 797 2796 posset
814 2719 916 2792 ager.

82 2811 291 2908 Dignuses
309 2820 479 2907 argento,
498 2809 598 2886 fulvo
616 2835 768 2910 quoque
783 2811 931 2908 dignior
949 2835 1062 2905 auro:

130 2927 210 3002 Sed
228 2936 281 3015 te,
300 2950 417 3023 quum
435 2929 566 3015 dones,
587 2928 658 3004 ista
670 2932 803 3028 juvere
821 2929 954 3003 solent.

81 3041 115 3116 N
119 3068 162 3118 ec
180 3053 311 3118 tamen
328 3043 410 3117 haec
428 3044 513 3118 loca
529 3056 619 3120 sunt
633 3045 708 3122 ullo
726 3044 892 3145 pretiosa
908 3045 1077 3122 metallo:
1107 3049 1129 3120 5

130 3159 265 3236 Hostis
283 3161 331 3233 ab
349 3161 514 3258 agricola
531 3161 594 3236 vix
612 3163 700 3236 sinit
717 3164 782 3237 illa
797 3161 886 3236 fodi.

109 3389 151 3436 29.
171 3386 274 3451 Gur-ago
280 3386 393 3450 concept]
412 3386 584 3452 Curcogitevi.
632 3396 728 3454 potem
744 3387 854 3452 quemvis
867 3385 900 3436 rit
916 3401 1042 3454 magnum,
1052 3395 1133 3438 temen

79 3461 192 3524 Scythicis
220 3475 256 3507 me
282 3473 343 3520 pone
368 3475 448 3508 eorm
479 3459 585 3511 renuo
634 3462 756 3526 Augustus
766 3461 914 3511 concederet.

78 3535 148 3584 Posse
159 3533 467 3598 meoScythiaremoveri.
666 3537 707 3585 ³9.
728 3534 864 3584 Dummodo
884 3536 952 3585 nobis
968 3536 1039 3596 vestri
1060 3537 1134 3588 studii

108 3613 149 3659 32.
167 3611 208 3659 Sic
218 3609 275 3676 finit
293 3617 348 3656 noto
364 3609 442 3673 mitt]
469 3609 509 3659 Sic
525 3609 584 3659 mihi
633 3609 1016 3666 cessationonira'caesarirhoc
1030 3626 1133 3677 negavef

79 3685 174 3748 cognita
185 3683 240 3740 tuit,
251 3692 279 3732 ut
289 3681 400 3732 deberem
410 3699 504 3748 sperare
521 3699 584 3733 nnnc
633 3681 674 3732 rit.
707 3681 820 3732 Hennes.

79 3773 129 3808 eam
140 3759 271 3823 benignius
282 3773 376 3807 mecum
387 3767 504 3808 actorum.

110 3835 150 3884 35.
168 3835 281 3882 Studium
298 3833 419 3896 morum]
437 3833 584 3882 Consenm
669 3833 691 3880 l.
714 3833 800 3881 Gom
815 3831 954 3895 morem-J
979 3832 1041 3889 Quo
1059 3837 1132 3878 testo-

78 3907 219 3956 erfavorem
230 3905 369 3956 micorum.
404 3909 510 3956 Cenem.
538 3905 584 3956 Ni·
633 3902 1091 3957 rentnrotmmhominismemoristui.

81 3979 112 4028 hil
124 3989 231 4030 tentasse
247 3979 278 4028 de
293 3979 371 4030 reditu
388 3997 442 4032 meo
456 3981 519 4046 epod
531 3981 581 4032 Au·
666 3982 691 4030 t.
712 3982 756 4030 Sed
773 3991 803 4038 tc,
820 3999 889 4044 quom
904 3983 982 4034 donas,
992 3981 1037 4025 isto
1045 3980 1134 4040 juvare

81 4063 185 4117 gustum.
633 4055 728 4118 otene]
746 4054 795 4104 Sed
807 4071 890 4104 eurum
906 4063 930 4102 et
944 4059 1068 4116 argentum
1081 4065 1132 4099 ma·

111 4129 151 4178 ³7.
170 4128 263 4193 Μαρια
272 4131 363 4192 quidem
373 4144 408 4176 rer
420 4137 451 4175 est
462 4145 528 4192 qmrm
539 4147 584 4178 non
633 4127 670 4192 gis
680 4128 742 4178 soles
752 4127 840 4176 donare
851 4127 911 4182 eliis,
923 4141 995 4190 quem
1004 4123 1122 4188 occipere.

81 4205 169 4251 amru
196 4201 289 4266 mici]
319 4200 433 4258 Difficile,
455 4199 540 4267 inquit,
560 4211 584 4252 et
667 4201 690 4250 6.
711 4202 753 4248 Vix
772 4203 828 4249 sinit
846 4202 889 4249 illu
902 4197 979 4264 fodi]
1007 4197 1055 4245 Iste
1073 4197 1132 4246 Jun.

82 4273 181 4326 arduum
192 4283 239 4334 est,
249 4273 314 4342 quod
327 4290 373 4324 non
384 4274 478 4324 audetis
491 4291 534 4340 pro
547 4291 585 4324 me
639 4275 690 4324 Pol.
697 4282 721 4323 et
731 4283 778 4323 tres
789 4272 847 4334 elii5
865 4273 916 4322 ulta
926 4270 994 4321 Leid.
1022 4269 1068 4318 Vix
1078 4285 1131 4334 per·
