3030 5108
339 367 405 435 118
629 363 668 432 P.
691 361 858 429 0le11
882 361 1096 434 NASONIS

344 540 386 616 Si
404 540 497 639 quis
511 561 628 626 amos,
647 559 718 612 nec
735 535 814 625 vis;
843 534 958 613 facito
976 535 1157 634 contegis
1168 535 1280 620 vites.

394 654 489 730 Haec
503 656 619 731 etiam
637 651 765 752 pecori
782 675 885 751 saepe
903 675 1039 728 nocere
1057 651 1192 731 solent.

344 772 448 847 Dum
466 781 642 872 spectant
659 769 760 846 oculi
777 767 900 856 laesos,
920 767 1109 847 laeduntur
1126 779 1166 844 ct
1183 768 1279 868 ipsi:
1322 773 1400 846 615

395 887 598 986 Multaque
614 886 835 985 corporibus
853 884 1074 979 transitione
1092 895 1244 966 nocent.

346 1002 392 1078 In
410 1003 494 1077 loca
511 1024 797 1100 nonnumquam
815 1000 926 1076 siccis
944 999 1090 1076 arentia
1106 1001 1229 1098 glebis

396 1117 456 1192 De
474 1141 592 1218 prope
610 1119 776 1194 currenti
794 1117 948 1192 flumine
965 1127 1095 1192 manat
1113 1139 1225 1214 aqua.

347 1233 482 1309 Manat
499 1257 603 1308 amor
621 1244 760 1321 tectus,
780 1235 904 1308 sinon
922 1234 971 1309 ab
989 1245 1139 1308 amante
1157 1233 1338 1310 recedas:

394 1349 599 1448 Turbaque
616 1351 655 1424 in
674 1350 745 1426 boc
763 1373 895 1425 omnes
911 1350 1107 1448 ingeniosa
1124 1373 1268 1426 sumus.
1324 1353 1400 1426 620

346 1464 454 1544 Alter
470 1465 563 1541 item
577 1468 658 1566 jam
676 1490 792 1542 sanus
809 1476 910 1556 erat;
938 1466 1077 1542 vicinia
1092 1464 1202 1540 lesit.

398 1579 610 1656 Occursum
627 1581 791 1658 dominae
808 1605 883 1656 non
901 1581 987 1656 tulit
1004 1580 1069 1656 ille
1086 1604 1178 1658 suae.
1242 1675 1248 1684 .

346 1693 494 1773 Vulnus
511 1697 551 1770 in
569 1696 769 1794 antiquum
786 1697 898 1774 rediit
914 1697 1138 1774 malebrma
1154 1696 1337 1786 cicatrix;

399 1811 707 1910 Successumque
725 1823 826 1888 artes
845 1837 920 1888 non
937 1813 1104 1888 habuere
1121 1835 1229 1888 meoe.

347 1927 550 2002 Proximus
569 1952 592 2002 a
608 1927 721 2004 tectis
739 1927 837 2026 ignis
855 1927 1069 2004 detenditur
1086 1953 1206 2026 egre:
1326 1933 1401 2004 625

400 2042 504 2117 Utile
521 2043 690 2118 finitimis
708 2044 938 2120 abstinuisse
955 2043 1061 2120 locis.
1143 2055 1146 2065 '

349 2156 445 2245 Nec,
465 2182 551 2256 quae
568 2158 664 2235 serre
682 2161 779 2234 solet
796 2159 1025 2258 spatiantem
1042 2159 1210 2258 porticos
1228 2159 1347 2247 illem,

398 2273 454 2348 Tc
470 2275 590 2350 ferat:
619 2276 783 2350 officium
802 2299 895 2352 neve
913 2276 1059 2349 colatur
1077 2274 1190 2351 idem.

351 2389 453 2476 Quid
463 2392 574 2487 juvat
583 2390 778 2480 admonitu
788 2390 956 2491 tepidam
968 2391 1200 2466 recalescere
1212 2391 1405 2469 menteml

397 2505 517 2594 Alter,
536 2507 568 2582 si
586 2508 722 2608 possis,
741 2507 844 2582 orbis
861 2507 1057 2582 habendus
1075 2507 1157 2588 erit.
1330 2513 1405 2584 630
1449 2521 1454 2538 “

350 2621 439 2697 Νοιι
457 2622 567 2698 facile
585 2623 754 2698 esuriens
772 2623 896 2722 positi
913 2621 1123 2700 retinebere
1142 2625 1301 2698 meost:

400 2737 450 2813 Et
467 2741 625 2814 multam
645 2741 783 2815 saliens
801 2738 934 2813 incitat
951 2739 1055 2812 unda
1070 2738 1184 2811 sitim.
1396 2835 1398 2840 Ι

351 2853 438 2953 Νριι
458 2855 567 2930 facile
584 2868 643 2930 est
660 2856 741 2930 vist
760 2867 910 2932 taurum
928 2853 1089 2928 retinere
1105 2855 1294 2951 juvenci:

401 2969 523 3044 Fortis
541 2993 663 3067 equus
680 2970 770 3042 visse
788 2993 939 3069 semper
957 2969 1129 3042 adhinnit
1145 2991 1269 3068 equae.

382 3228 439 3276 61³.
456 3229 481 3277 Si
497 3233 547 3292 quie
562 3247 632 3285 amat,
650 3247 691 3281 nec
708 3233 762 3296 vin]
787 3233 852 3288 Illud
902 3238 1042 3304 dffenderes.
1059 3235 1312 3303 pluredebocverbo
1323 3237 1410 3288 Helos.

351 3304 434 3350 mois
449 3302 632 3352 nonestnanci.
666 3304 728 3354 Cum
740 3307 853 3358 abaco·
902 3312 1055 3377 adEpistv.
1069 3313 1111 3360 16.·
1139 3311 1229 3359 Bunrr.

351 3389 440 3438 perque
448 3374 515 3425 initio
522 3375 601 3440 operis
608 3374 852 3440 inculcaritoudim
935 3385 991 3434 628.
1010 3384 1118 3448 Officium
1135 3400 1190 3432 neue
1208 3384 1304 3434 colatur
1324 3383 1409 3447 idean]

351 3461 376 3496 ee
392 3444 429 3502 iis,
440 3449 482 3512 qui
500 3448 597 3514 cupient
611 3451 642 3499 ob
658 3466 736 3502 aurore
747 3455 850 3516 liberari,
903 3457 996 3508 Obvius
1006 3465 1151 3508 eeteeoeus:
1170 3471 1201 3506 ne
1212 3454 1309 3506 intersis
1318 3456 1409 3506 amico·

351 3519 496 3570 medicinam
516 3524 643 3574 lecturum.
667 3525 805 3594 Scripserat,
827 3531 853 3583 ni
902 3544 954 3582 rum
965 3539 1058 3582 tuorum
1069 3530 1155 3588 officio,
1172 3529 1203 3580 ed
1218 3529 1283 3595 quod
1300 3531 1410 3596 puellm

350 3592 428 3650 folior,
441 3593 544 3644 Noster:
903 3605 976 3654 etiam
987 3606 1033 3654 scis
1042 3613 1174 3656 venturam·
1192 3603 1268 3668 officie
1277 3612 1345 3662 ΜΚ»
1353 3620 1411 3656 Μ

383 3667 409 3716 Si
426 3669 476 3730 quie
492 3686 562 3725 amca,
578 3671 640 3720 arbit
651 3671 730 3736 facito
746 3681 853 3744 wutcgic
902 3677 934 3726 ad
944 3677 1122 3744 gratulationes,
1133 3677 1292 3728 deductiones
1305 3687 1332 3728 et
1342 3695 1409 3744 pom·

417 3744 481 3791 citu.
902 3769 946 3819 pes
956 3762 981 3803 et
991 3751 1078 3802 similia
1087 3752 1216 3802 noricorum
1227 3753 1410 3818 pmgredimurr

352 3814 400 3863 Vel
411 3818 482 3864 turbe
491 3819 606 3882 contagia.
614 3817 645 3868 de
656 3835 706 3884 qun
715 3837 772 3871 voce
782 3825 852 3888 poulo
902 3835 930 3876 ut
949 3827 1048 3892 officium
1068 3844 1177 3878 nouorum
1199 3829 1331 3884 moulon,
1353 3843 1409 3877 cm

352 3897 416 3938 ente.
433 3889 524 3938 Herus.
545 3891 629 3953 siquid
639 3910 701 3948 omos
711 3895 787 3944 multi.
903 3902 961 3952 Kal.
987 3901 1108 3952 lanuariis
1132 3901 1282 3968 procedunt;
1310 3903 1409 3952 Sueten.

384 3963 440 4012 625.
459 3962 622 4028 Defendisse]
645 3965 800 4030 Deffunditnr
816 3969 851 4019 vi·
902 3973 1149 4041 Caenvcetpmim
1162 3974 1410 4040 elii-colenqffieiun

350 4036 410 4092 tiose
428 4053 489 4087 unus
502 4035 586 4086 codex.
601 4037 694 4088 Gellius
712 4059 751 4090 xv·
765 4041 783 4092 i.
802 4043 850 4094 Do·
901 4047 975 4104 idem,
984 4048 1048 4113 quod
1049 4049 1141 4114 fasne,
1148 4056 1175 4098 ot
1183 4048 1300 4100 Horatios
1308 4050 1324 4100 i.
1333 4049 1411 4115 Epist.

351 4111 791 4183 cuisutteprqseelodrelrelcnsliegir
803 4117 851 4165 Mi·
902 4121 1010 4170 xvii.2l.
1044 4123 1132 4172 Eunu.

351 4187 458 4234 tiridatis
468 4185 598 4249 prejectus,
609 4203 653 4248 qua
666 4189 764 4238 soltertia
778 4193 851 4258 ignem
