<?xml version="1.0" encoding="UTF-8"?>
<!DOCTYPE html PUBLIC "-//W3C//DTD XHTML 1.0 Transitional//EN"
    "http://www.w3.org/TR/xhtml1/DTD/xhtml1-transitional.dtd">
<html xmlns="http://www.w3.org/1999/xhtml" xml:lang="en" lang="en">
 <head>
  <title>
</title>
<meta http-equiv="Content-Type" content="text/html;charset=utf-8" />
  <meta name='ocr-system' content='tesseract 3.04.00' />
  <meta name='ocr-capabilities' content='ocr_page ocr_carea ocr_par ocr_line ocrx_word'/>
</head>
<body>
  <div class='ocr_page' id='page_1' title='image "./povidiinasoniso09burmgoog_0059.png"; bbox 0 0 3064 5104; ppageno 0'>
   <div class='ocr_carea' id='block_1_1' title="bbox 324 356 1202 426">
    <p class='ocr_par' dir='ltr' id='par_1_1' title="bbox 324 356 1202 426">
     <span class='ocr_line' id='line_1_1' title="bbox 324 356 1202 426; baseline -0.007 0"><span class='ocrx_word' id='word_1_1' title='bbox 324 359 481 426; x_wconf 83' lang='lat' dir='ltr'>ARTIS.</span> <span class='ocrx_word' id='word_1_2' title='bbox 505 359 775 426; x_wconf 81' lang='lat' dir='ltr'><strong>AMATORIAE</strong></span> <span class='ocrx_word' id='word_1_3' title='bbox 798 359 890 424; x_wconf 78' lang='grc' dir='ltr'>ΠΒ.</span> <span class='ocrx_word' id='word_1_4' title='bbox 915 356 986 423; x_wconf 90' lang='grc' dir='ltr'><strong>ΙΙΙ.</strong></span> <span class='ocrx_word' id='word_1_5' title='bbox 1158 357 1202 420; x_wconf 82' lang='grc'>53</span> 
     </span>
    </p>
   </div>
   <div class='ocr_carea' id='block_1_2' title="bbox 136 529 1194 2477">
    <p class='ocr_par' dir='ltr' id='par_1_2' title="bbox 136 529 1194 2477">
     <span class='ocr_line' id='line_1_2' title="bbox 144 529 951 632; baseline 0.002 -28"><span class='ocrx_word' id='word_1_6' title='bbox 144 529 240 618; x_wconf 83' lang='lat' dir='ltr'>Arte,</span> <span class='ocrx_word' id='word_1_7' title='bbox 260 534 462 632; x_wconf 88' lang='lat' dir='ltr'>supercilii</span> <span class='ocrx_word' id='word_1_8' title='bbox 481 531 646 608; x_wconf 86' lang='lat' dir='ltr'>confinia</span> <span class='ocrx_word' id='word_1_9' title='bbox 663 533 766 606; x_wconf 86' lang='lat' dir='ltr'>nuda</span> <span class='ocrx_word' id='word_1_10' title='bbox 782 531 951 632; x_wconf 87' lang='lat' dir='ltr'>repletis,</span> 
     </span>
     <span class='ocr_line' id='line_1_3' title="bbox 186 645 966 748; baseline -0.001 -29"><span class='ocrx_word' id='word_1_11' title='bbox 186 645 390 748; x_wconf 80' lang='lat' dir='ltr'>Parvaque</span> <span class='ocrx_word' id='word_1_12' title='bbox 409 651 579 724; x_wconf 81' lang='lat' dir='ltr'>sinceras</span> <span class='ocrx_word' id='word_1_13' title='bbox 597 647 698 723; x_wconf 73' lang='lat' dir='ltr'>uelat</span> <span class='ocrx_word' id='word_1_14' title='bbox 716 649 819 722; x_wconf 85' lang='lat' dir='ltr'>aluta</span> <span class='ocrx_word' id='word_1_15' title='bbox 835 671 966 743; x_wconf 78' lang='lat' dir='ltr'>genes</span> 
     </span>
     <span class='ocr_line' id='line_1_4' title="bbox 139 759 1040 866; baseline -0.004 -26"><span class='ocrx_word' id='word_1_16' title='bbox 139 759 219 840; x_wconf 82' lang='lat' dir='ltr'>Nec</span> <span class='ocrx_word' id='word_1_17' title='bbox 236 767 361 866; x_wconf 91' lang='lat' dir='ltr'>pudor</span> <span class='ocrx_word' id='word_1_18' title='bbox 378 778 442 842; x_wconf 90' lang='lat' dir='ltr'>est</span> <span class='ocrx_word' id='word_1_19' title='bbox 458 767 589 840; x_wconf 93' lang='lat' dir='ltr'>oculos</span> <span class='ocrx_word' id='word_1_20' title='bbox 605 763 708 840; x_wconf 87' lang='lat' dir='ltr'>tenui</span> <span class='ocrx_word' id='word_1_21' title='bbox 727 764 875 860; x_wconf 83' lang='lat' dir='ltr'>signare</span> <span class='ocrx_word' id='word_1_22' title='bbox 892 763 1040 851; x_wconf 74' lang='lat' dir='ltr'>savilld;</span> 
     </span>
     <span class='ocr_line' id='line_1_5' title="bbox 186 879 1147 980; baseline 0.001 -30"><span class='ocrx_word' id='word_1_23' title='bbox 186 879 257 956; x_wconf 88' lang='lat' dir='ltr'>Vel</span> <span class='ocrx_word' id='word_1_24' title='bbox 276 906 398 980; x_wconf 86' lang='lat' dir='ltr'>prope</span> <span class='ocrx_word' id='word_1_25' title='bbox 415 894 456 969; x_wconf 82' lang='lat' dir='ltr'>te</span> <span class='ocrx_word' id='word_1_26' title='bbox 475 891 577 968; x_wconf 86' lang='lat' dir='ltr'>natu,</span> <span class='ocrx_word' id='word_1_27' title='bbox 597 879 722 956; x_wconf 90' lang='lat' dir='ltr'>lucide</span> <span class='ocrx_word' id='word_1_28' title='bbox 742 879 893 978; x_wconf 88' lang='lat' dir='ltr'>Cydne,</span> <span class='ocrx_word' id='word_1_29' title='bbox 912 901 1035 952; x_wconf 92' lang='lat' dir='ltr'>croco.</span> <span class='ocrx_word' id='word_1_30' title='bbox 1142 891 1147 906; x_wconf 84' lang='grc'><strong>“</strong></span> 
     </span>
     <span class='ocr_line' id='line_1_6' title="bbox 142 992 1194 1095; baseline 0.001 -29"><span class='ocrx_word' id='word_1_31' title='bbox 142 992 208 1070; x_wconf 84' lang='lat' dir='ltr'>Est</span> <span class='ocrx_word' id='word_1_32' title='bbox 226 997 333 1084; x_wconf 90' lang='lat' dir='ltr'>mihi,</span> <span class='ocrx_word' id='word_1_33' title='bbox 352 1020 432 1095; x_wconf 89' lang='lat' dir='ltr'>quo</span> <span class='ocrx_word' id='word_1_34' title='bbox 450 997 531 1070; x_wconf 86' lang='lat' dir='ltr'><strong>dixi</strong></span> <span class='ocrx_word' id='word_1_35' title='bbox 544 1005 679 1070; x_wconf 85' lang='lat' dir='ltr'>vestrae</span> <span class='ocrx_word' id='word_1_36' title='bbox 698 993 950 1068; x_wconf 84' lang='lat' dir='ltr'><strong>medicamina</strong></span> <span class='ocrx_word' id='word_1_37' title='bbox 963 993 1103 1080; x_wconf 76' lang='lat' dir='ltr'>formae,</span> <span class='ocrx_word' id='word_1_38' title='bbox 1118 998 1194 1068; x_wconf 88' lang='grc'>205</span> 
     </span>
     <span class='ocr_line' id='line_1_7' title="bbox 186 1107 1005 1207; baseline 0 -25"><span class='ocrx_word' id='word_1_39' title='bbox 186 1107 345 1198; x_wconf 86' lang='lat' dir='ltr'>Parvus,</span> <span class='ocrx_word' id='word_1_40' title='bbox 365 1111 435 1186; x_wconf 88' lang='lat' dir='ltr'>sed</span> <span class='ocrx_word' id='word_1_41' title='bbox 454 1113 547 1185; x_wconf 69' lang='lat' dir='ltr'>curt</span> <span class='ocrx_word' id='word_1_42' title='bbox 565 1108 708 1206; x_wconf 83' lang='lat' dir='ltr'>grande</span> <span class='ocrx_word' id='word_1_43' title='bbox 726 1108 877 1183; x_wconf 87' lang='lat' dir='ltr'>libellus</span> <span class='ocrx_word' id='word_1_44' title='bbox 895 1133 1005 1207; x_wconf 89' lang='lat' dir='ltr'>opus.</span> 
     </span>
     <span class='ocr_line' id='line_1_8' title="bbox 142 1223 1118 1326; baseline 0.005 -30"><span class='ocrx_word' id='word_1_45' title='bbox 142 1223 238 1300; x_wconf 89' lang='lat' dir='ltr'>Hinc</span> <span class='ocrx_word' id='word_1_46' title='bbox 256 1250 414 1325; x_wconf 91' lang='lat' dir='ltr'>quoque</span> <span class='ocrx_word' id='word_1_47' title='bbox 432 1227 650 1326; x_wconf 85' lang='lat' dir='ltr'>praesidium</span> <span class='ocrx_word' id='word_1_48' title='bbox 668 1227 769 1300; x_wconf 84' lang='lat' dir='ltr'>laesae</span> <span class='ocrx_word' id='word_1_49' title='bbox 788 1227 949 1325; x_wconf 88' lang='lat' dir='ltr'>petitote</span> <span class='ocrx_word' id='word_1_50' title='bbox 967 1227 1118 1324; x_wconf 83' lang='lat' dir='ltr'>ligurae:</span> 
     </span>
     <span class='ocr_line' id='line_1_9' title="bbox 186 1333 1037 1442; baseline 0.002 -28"><span class='ocrx_word' id='word_1_51' title='bbox 186 1341 277 1415; x_wconf 91' lang='lat' dir='ltr'>Non</span> <span class='ocrx_word' id='word_1_52' title='bbox 294 1353 356 1417; x_wconf 88' lang='lat' dir='ltr'>est</span> <span class='ocrx_word' id='word_1_53' title='bbox 373 1368 442 1442; x_wconf 93' lang='lat' dir='ltr'>pro</span> <span class='ocrx_word' id='word_1_54' title='bbox 460 1343 593 1418; x_wconf 87' lang='lat' dir='ltr'>vestris</span> <span class='ocrx_word' id='word_1_55' title='bbox 612 1367 672 1418; x_wconf 85' lang='lat' dir='ltr'>ars</span> <span class='ocrx_word' id='word_1_56' title='bbox 690 1367 776 1417; x_wconf 85' lang='lat' dir='ltr'>mea</span> <span class='ocrx_word' id='word_1_57' title='bbox 793 1344 907 1418; x_wconf 88' lang='lat' dir='ltr'>rebus</span> <span class='ocrx_word' id='word_1_58' title='bbox 926 1333 1037 1416; x_wconf 81' lang='lat' dir='ltr'>iners.</span> 
     </span>
     <span class='ocr_line' id='line_1_10' title="bbox 140 1455 1129 1559; baseline 0.001 -28"><span class='ocrx_word' id='word_1_59' title='bbox 140 1457 224 1532; x_wconf 91' lang='lat' dir='ltr'>Non</span> <span class='ocrx_word' id='word_1_60' title='bbox 243 1471 374 1534; x_wconf 80' lang='lat' dir='ltr'>tamen</span> <span class='ocrx_word' id='word_1_61' title='bbox 392 1462 588 1559; x_wconf 83' lang='lat' dir='ltr'>expositas</span> <span class='ocrx_word' id='word_1_62' title='bbox 607 1463 739 1534; x_wconf 79' lang='lat' dir='ltr'>mensd</span> <span class='ocrx_word' id='word_1_63' title='bbox 757 1455 969 1559; x_wconf 80' lang='lat' dir='ltr'>deprendat</span> <span class='ocrx_word' id='word_1_64' title='bbox 985 1471 1129 1534; x_wconf 85' lang='lat' dir='ltr'>amator</span> 
     </span>
     <span class='ocr_line' id='line_1_11' title="bbox 184 1573 1193 1675; baseline 0.002 -29"><span class='ocrx_word' id='word_1_65' title='bbox 184 1573 375 1672; x_wconf 79' lang='lat' dir='ltr'><strong>Pyxidas,</strong></span> <span class='ocrx_word' id='word_1_66' title='bbox 405 1600 466 1649; x_wconf 82' lang='lat' dir='ltr'>ars</span> <span class='ocrx_word' id='word_1_67' title='bbox 484 1576 619 1650; x_wconf 79' lang='lat' dir='ltr'>sociem</span> <span class='ocrx_word' id='word_1_68' title='bbox 637 1575 875 1650; x_wconf 83' lang='lat' dir='ltr'>dissimulata</span> <span class='ocrx_word' id='word_1_69' title='bbox 887 1578 1006 1675; x_wconf 86' lang='lat' dir='ltr'>juvat.</span> <span class='ocrx_word' id='word_1_70' title='bbox 1117 1580 1193 1649; x_wconf 89' lang='lat'>210</span> 
     </span>
     <span class='ocr_line' id='line_1_12' title="bbox 139 1687 984 1778; baseline 0.002 -16"><span class='ocrx_word' id='word_1_71' title='bbox 139 1687 259 1773; x_wconf 87' lang='lat' dir='ltr'>Quem</span> <span class='ocrx_word' id='word_1_72' title='bbox 279 1715 356 1765; x_wconf 92' lang='lat' dir='ltr'>non</span> <span class='ocrx_word' id='word_1_73' title='bbox 375 1691 545 1766; x_wconf 83' lang='lat' dir='ltr'>offendat</span> <span class='ocrx_word' id='word_1_74' title='bbox 561 1700 643 1767; x_wconf 92' lang='lat' dir='ltr'>toto</span> <span class='ocrx_word' id='word_1_75' title='bbox 661 1691 734 1764; x_wconf 83' lang='lat' dir='ltr'>laex</span> <span class='ocrx_word' id='word_1_76' title='bbox 754 1691 851 1766; x_wconf 82' lang='lat' dir='ltr'>illita</span> <span class='ocrx_word' id='word_1_77' title='bbox 866 1692 984 1778; x_wconf 92' lang='lat' dir='ltr'>vultu,</span> 
     </span>
     <span class='ocr_line' id='line_1_13' title="bbox 183 1805 1072 1906; baseline 0.003 -28"><span class='ocrx_word' id='word_1_78' title='bbox 183 1805 286 1879; x_wconf 88' lang='lat' dir='ltr'>Cum</span> <span class='ocrx_word' id='word_1_79' title='bbox 304 1807 391 1882; x_wconf 87' lang='lat' dir='ltr'><strong>fluit</strong></span> <span class='ocrx_word' id='word_1_80' title='bbox 408 1808 448 1880; x_wconf 95' lang='lat' dir='ltr'>in</span> <span class='ocrx_word' id='word_1_81' title='bbox 466 1806 615 1905; x_wconf 86' lang='lat' dir='ltr'>tepidos</span> <span class='ocrx_word' id='word_1_82' title='bbox 633 1807 799 1906; x_wconf 87' lang='lat' dir='ltr'>pondere</span> <span class='ocrx_word' id='word_1_83' title='bbox 817 1808 924 1906; x_wconf 84' lang='lat' dir='ltr'>lapsa</span> <span class='ocrx_word' id='word_1_84' title='bbox 942 1807 1072 1881; x_wconf 78' lang='lat' dir='ltr'>sinus?</span> 
     </span>
     <span class='ocr_line' id='line_1_14' title="bbox 138 1915 1159 2022; baseline 0.003 -29"><span class='ocrx_word' id='word_1_85' title='bbox 138 1915 285 2021; x_wconf 87' lang='lat' dir='ltr'>OEsypa</span> <span class='ocrx_word' id='word_1_86' title='bbox 302 1923 404 2022; x_wconf 83' lang='lat' dir='ltr'>quid¹</span> <span class='ocrx_word' id='word_1_87' title='bbox 419 1922 602 2008; x_wconf 84' lang='lat' dir='ltr'>redolent,</span> <span class='ocrx_word' id='word_1_88' title='bbox 623 1922 794 2020; x_wconf 85' lang='lat' dir='ltr'>quamvis</span> <span class='ocrx_word' id='word_1_89' title='bbox 805 1923 982 1998; x_wconf 86' lang='lat' dir='ltr'>‘mittatur</span> <span class='ocrx_word' id='word_1_90' title='bbox 998 1923 1159 1998; x_wconf 84' lang='lat' dir='ltr'><strong>Athenis</strong></span> 
     </span>
     <span class='ocr_line' id='line_1_15' title="bbox 182 2037 1066 2114; baseline 0.003 -3"><span class='ocrx_word' id='word_1_91' title='bbox 182 2037 347 2113; x_wconf 88' lang='lat' dir='ltr'>Demtus</span> <span class='ocrx_word' id='word_1_92' title='bbox 367 2040 419 2112; x_wconf 89' lang='lat' dir='ltr'>ab</span> <span class='ocrx_word' id='word_1_93' title='bbox 438 2039 632 2114; x_wconf 90' lang='lat' dir='ltr'>immundo</span> <span class='ocrx_word' id='word_1_94' title='bbox 650 2040 787 2114; x_wconf 90' lang='lat' dir='ltr'>vellere</span> <span class='ocrx_word' id='word_1_95' title='bbox 805 2065 941 2114; x_wconf 88' lang='lat' dir='ltr'>succus</span> <span class='ocrx_word' id='word_1_96' title='bbox 959 2041 1066 2114; x_wconf 82' lang='lat' dir='ltr'>ovis?</span> 
     </span>
     <span class='ocr_line' id='line_1_16' title="bbox 137 2151 1189 2244; baseline 0.004 -20"><span class='ocrx_word' id='word_1_97' title='bbox 137 2151 214 2228; x_wconf 88' lang='lat' dir='ltr'>Nec</span> <span class='ocrx_word' id='word_1_98' title='bbox 232 2179 365 2230; x_wconf 85' lang='lat' dir='ltr'>coram</span> <span class='ocrx_word' id='word_1_99' title='bbox 385 2155 528 2230; x_wconf 87' lang='lat' dir='ltr'>mixtas</span> <span class='ocrx_word' id='word_1_100' title='bbox 546 2179 666 2228; x_wconf 85' lang='lat' dir='ltr'>cervae</span> <span class='ocrx_word' id='word_1_101' title='bbox 684 2155 865 2229; x_wconf 81' lang='lat' dir='ltr'>sumsisse</span> <span class='ocrx_word' id='word_1_102' title='bbox 883 2156 1080 2244; x_wconf 80' lang='lat' dir='ltr'>medullas,</span> <span class='ocrx_word' id='word_1_103' title='bbox 1115 2159 1189 2229; x_wconf 90' lang='grc'>215</span> 
     </span>
     <span class='ocr_line' id='line_1_17' title="bbox 181 2269 998 2372; baseline 0.005 -30"><span class='ocrx_word' id='word_1_104' title='bbox 181 2269 216 2342; x_wconf 90' lang='lat' dir='ltr'><strong>N</strong></span> <span class='ocrx_word' id='word_1_105' title='bbox 218 2295 263 2345; x_wconf 89' lang='lat' dir='ltr'>ee</span> <span class='ocrx_word' id='word_1_106' title='bbox 282 2295 416 2346; x_wconf 86' lang='lat' dir='ltr'>coram</span> <span class='ocrx_word' id='word_1_107' title='bbox 434 2272 569 2346; x_wconf 89' lang='lat' dir='ltr'>dentes</span> <span class='ocrx_word' id='word_1_108' title='bbox 587 2271 809 2348; x_wconf 83' lang='lat' dir='ltr'>defricuisse</span> <span class='ocrx_word' id='word_1_109' title='bbox 827 2275 998 2372; x_wconf 88' lang='lat' dir='ltr'>probem.</span> 
     </span>
     <span class='ocr_line' id='line_1_18' title="bbox 136 2385 1102 2477; baseline 0.008 -20"><span class='ocrx_word' id='word_1_110' title='bbox 136 2385 209 2460; x_wconf 86' lang='lat' dir='ltr'>ista</span> <span class='ocrx_word' id='word_1_111' title='bbox 224 2388 378 2463; x_wconf 86' lang='lat' dir='ltr'>dabunt</span> <span class='ocrx_word' id='word_1_112' title='bbox 396 2387 554 2477; x_wconf 80' lang='lat' dir='ltr'>saciem3</span> <span class='ocrx_word' id='word_1_113' title='bbox 584 2387 652 2463; x_wconf 90' lang='lat' dir='ltr'>sed</span> <span class='ocrx_word' id='word_1_114' title='bbox 670 2401 781 2464; x_wconf 89' lang='lat' dir='ltr'>erunt</span> <span class='ocrx_word' id='word_1_115' title='bbox 796 2390 981 2466; x_wconf 80' lang='lat' dir='ltr'>deformia</span> <span class='ocrx_word' id='word_1_116' title='bbox 997 2390 1102 2465; x_wconf 90' lang='lat' dir='ltr'>visu:</span> 
     </span>
    </p>
   </div>
   <div class='ocr_carea' id='block_1_3' title="bbox 134 2503 1187 2838">
    <p class='ocr_par' dir='ltr' id='par_1_3' title="bbox 134 2503 1187 2838">
     <span class='ocr_line' id='line_1_19' title="bbox 179 2503 1084 2604; baseline 0.002 -28"><span class='ocrx_word' id='word_1_117' title='bbox 179 2503 401 2604; x_wconf 84' lang='lat' dir='ltr'>Multaque,</span> <span class='ocrx_word' id='word_1_118' title='bbox 420 2505 514 2578; x_wconf 91' lang='lat' dir='ltr'>dum</span> <span class='ocrx_word' id='word_1_119' title='bbox 530 2505 626 2579; x_wconf 90' lang='lat' dir='ltr'>fiunt</span> <span class='ocrx_word' id='word_1_120' title='bbox 642 2507 780 2604; x_wconf 82' lang='lat' dir='ltr'>turpia,</span> <span class='ocrx_word' id='word_1_121' title='bbox 798 2506 900 2580; x_wconf 81' lang='lat' dir='ltr'>fucta</span> <span class='ocrx_word' id='word_1_122' title='bbox 920 2507 1084 2604; x_wconf 81' lang='lat' dir='ltr'>placent.</span> 
     </span>
     <span class='ocr_line' id='line_1_20' title="bbox 134 2617 1168 2720; baseline -0.002 -26"><span class='ocrx_word' id='word_1_123' title='bbox 134 2617 221 2703; x_wconf 85' lang='lat' dir='ltr'>Quae</span> <span class='ocrx_word' id='word_1_124' title='bbox 239 2645 345 2694; x_wconf 90' lang='lat' dir='ltr'>nunc</span> <span class='ocrx_word' id='word_1_125' title='bbox 367 2645 507 2695; x_wconf 90' lang='lat' dir='ltr'>nomen</span> <span class='ocrx_word' id='word_1_126' title='bbox 526 2623 668 2696; x_wconf 83' lang='lat' dir='ltr'>habent</span> <span class='ocrx_word' id='word_1_127' title='bbox 685 2623 835 2720; x_wconf 87' lang='lat' dir='ltr'>operosi</span> <span class='ocrx_word' id='word_1_128' title='bbox 853 2621 962 2718; x_wconf 84' lang='lat' dir='ltr'>signa</span> <span class='ocrx_word' id='word_1_129' title='bbox 980 2619 1168 2720; x_wconf 67' lang='lat' dir='ltr'>Myronis</span> 
     </span>
     <span class='ocr_line' id='line_1_21' title="bbox 177 2735 1187 2838; baseline -0.001 -30"><span class='ocrx_word' id='word_1_130' title='bbox 177 2735 335 2812; x_wconf 87' lang='lat' dir='ltr'>Pondus</span> <span class='ocrx_word' id='word_1_131' title='bbox 352 2738 457 2812; x_wconf 89' lang='lat' dir='ltr'>iners</span> <span class='ocrx_word' id='word_1_132' title='bbox 469 2740 673 2835; x_wconf 82' lang='lat' dir='ltr'>quondam,</span> <span class='ocrx_word' id='word_1_133' title='bbox 686 2741 858 2838; x_wconf 85' lang='lat' dir='ltr'>duraque</span> <span class='ocrx_word' id='word_1_134' title='bbox 873 2737 1092 2814; x_wconf 83' lang='lat' dir='ltr'>massasuit.</span> <span class='ocrx_word' id='word_1_135' title='bbox 1112 2741 1187 2808; x_wconf 88' lang='grc'>220</span> 
     </span>
    </p>
   </div>
   <div class='ocr_carea' id='block_1_4' title="bbox 127 2939 1188 3754">
    <p class='ocr_par' dir='ltr' id='par_1_4' title="bbox 131 2939 1187 3088">
     <span class='ocr_line' id='line_1_22' title="bbox 160 2939 1187 3010; baseline -0.001 -17"><span class='ocrx_word' id='word_1_136' title='bbox 160 2943 213 2993; x_wconf 63' lang='grc'>203.</span> <span class='ocrx_word' id='word_1_137' title='bbox 230 2941 341 3010; x_wconf 67' lang='lat' dir='ltr'>Arum]</span> <span class='ocrx_word' id='word_1_138' title='bbox 357 2945 564 3009; x_wconf 69' lang='lat' dir='ltr'>calliblepharum,</span> <span class='ocrx_word' id='word_1_139' title='bbox 579 2948 634 2999; x_wconf 76' lang='lat' dir='ltr'>r&#39;ule</span> <span class='ocrx_word' id='word_1_140' title='bbox 686 2947 792 3000; x_wconf 81' lang='lat' dir='ltr'>medulla</span> <span class='ocrx_word' id='word_1_141' title='bbox 813 2945 867 2998; x_wconf 79' lang='lat' dir='ltr'>alib</span> <span class='ocrx_word' id='word_1_142' title='bbox 886 2941 1090 2994; x_wconf 76' lang='lat' dir='ltr'>Medicaminibus</span> <span class='ocrx_word' id='word_1_143' title='bbox 1110 2939 1187 2992; x_wconf 77' lang='lat' dir='ltr'>mixta</span> 
     </span>
     <span class='ocr_line' id='line_1_23' title="bbox 131 3014 1187 3088; baseline 0.001 -24"><span class='ocrx_word' id='word_1_144' title='bbox 131 3014 245 3067; x_wconf 78' lang='lat' dir='ltr'>Arbitrum</span> <span class='ocrx_word' id='word_1_145' title='bbox 257 3027 381 3068; x_wconf 88' lang='lat' dir='ltr'>nostrum.</span> <span class='ocrx_word' id='word_1_146' title='bbox 418 3020 520 3070; x_wconf 76' lang='lat' dir='ltr'>Duum.</span> <span class='ocrx_word' id='word_1_147' title='bbox 684 3023 826 3088; x_wconf 82' lang='lat' dir='ltr'>intelligere.</span> <span class='ocrx_word' id='word_1_148' title='bbox 836 3019 893 3087; x_wconf 79' lang='lat' dir='ltr'>quia</span> <span class='ocrx_word' id='word_1_149' title='bbox 901 3022 997 3070; x_wconf 68' lang='lat' dir='ltr'>entim</span> <span class='ocrx_word' id='word_1_150' title='bbox 1007 3020 1110 3068; x_wconf 71' lang='lat' dir='ltr'>medullis</span> <span class='ocrx_word' id='word_1_151' title='bbox 1121 3016 1187 3083; x_wconf 86' lang='lat' dir='ltr'>priu-</span> 
     </span>
    </p>

    <p class='ocr_par' dir='ltr' id='par_1_5' title="bbox 127 3093 1188 3754">
     <span class='ocr_line' id='line_1_24' title="bbox 158 3093 1186 3164; baseline 0 -24"><span class='ocrx_word' id='word_1_152' title='bbox 158 3093 214 3142; x_wconf 79' lang='lat'>21³.</span> <span class='ocrx_word' id='word_1_153' title='bbox 232 3095 316 3157; x_wconf 78' lang='lat' dir='ltr'>OEropa</span> <span class='ocrx_word' id='word_1_154' title='bbox 334 3097 395 3158; x_wconf 71' lang='lat' dir='ltr'>qnid</span> <span class='ocrx_word' id='word_1_155' title='bbox 413 3095 525 3154; x_wconf 77' lang='lat' dir='ltr'>redolent,</span> <span class='ocrx_word' id='word_1_156' title='bbox 535 3102 636 3161; x_wconf 72' lang='lat' dir='ltr'>qumvis</span> <span class='ocrx_word' id='word_1_157' title='bbox 684 3097 789 3164; x_wconf 75' lang='lat' dir='ltr'>cipetum</span> <span class='ocrx_word' id='word_1_158' title='bbox 808 3098 869 3146; x_wconf 85' lang='lat' dir='ltr'>inter</span> <span class='ocrx_word' id='word_1_159' title='bbox 888 3094 1064 3144; x_wconf 75' lang='lat' dir='ltr'>medicamenta</span> <span class='ocrx_word' id='word_1_160' title='bbox 1083 3110 1113 3142; x_wconf 83' lang='lat' dir='ltr'>ex</span> <span class='ocrx_word' id='word_1_161' title='bbox 1135 3108 1186 3141; x_wconf 84' lang='lat' dir='ltr'>rue-</span> 
     </span>
     <span class='ocr_line' id='line_1_25' title="bbox 129 3166 1185 3237; baseline 0.002 -25"><span class='ocrx_word' id='word_1_162' title='bbox 129 3167 247 3216; x_wconf 75' lang='lat' dir='ltr'>nittnotur</span> <span class='ocrx_word' id='word_1_163' title='bbox 257 3168 391 3232; x_wconf 65' lang='lat' dir='ltr'>Armet]</span> <span class='ocrx_word' id='word_1_164' title='bbox 407 3169 448 3216; x_wconf 88' lang='lat' dir='ltr'>Sic</span> <span class='ocrx_word' id='word_1_165' title='bbox 456 3171 527 3236; x_wconf 81' lang='lat' dir='ltr'>vulgo</span> <span class='ocrx_word' id='word_1_166' title='bbox 536 3172 634 3237; x_wconf 85' lang='lat' dir='ltr'>quidem</span> <span class='ocrx_word' id='word_1_167' title='bbox 684 3171 757 3220; x_wconf 84' lang='lat' dir='ltr'>dullis</span> <span class='ocrx_word' id='word_1_168' title='bbox 775 3169 915 3220; x_wconf 76' lang='lat' dir='ltr'>animalium</span> <span class='ocrx_word' id='word_1_169' title='bbox 931 3167 1015 3215; x_wconf 84' lang='lat' dir='ltr'>tribuit</span> <span class='ocrx_word' id='word_1_170' title='bbox 1032 3167 1124 3216; x_wconf 82' lang='lat' dir='ltr'>Plinius</span> <span class='ocrx_word' id='word_1_171' title='bbox 1140 3166 1185 3215; x_wconf 90' lang='lat' dir='ltr'>lib.</span> 
     </span>
     <span class='ocr_line' id='line_1_26' title="bbox 129 3238 1185 3313; baseline 0.001 -24"><span class='ocrx_word' id='word_1_172' title='bbox 129 3238 222 3305; x_wconf 74' lang='lat' dir='ltr'>legiturr</span> <span class='ocrx_word' id='word_1_173' title='bbox 238 3243 282 3292; x_wconf 75' lang='lat' dir='ltr'>sed</span> <span class='ocrx_word' id='word_1_174' title='bbox 294 3244 396 3306; x_wconf 73' lang='lat' dir='ltr'>OEsypn,</span> <span class='ocrx_word' id='word_1_175' title='bbox 405 3259 463 3292; x_wconf 81' lang='lat' dir='ltr'>vcra</span> <span class='ocrx_word' id='word_1_176' title='bbox 472 3244 544 3295; x_wconf 82' lang='lat' dir='ltr'>lectio</span> <span class='ocrx_word' id='word_1_177' title='bbox 554 3257 635 3313; x_wconf 77' lang='lat' dir='ltr'>postu-</span> <span class='ocrx_word' id='word_1_178' title='bbox 684 3243 766 3293; x_wconf 79' lang='lat' dir='ltr'>xxviii.</span> <span class='ocrx_word' id='word_1_179' title='bbox 784 3259 839 3310; x_wconf 73' lang='lat' dir='ltr'>cap.</span> <span class='ocrx_word' id='word_1_180' title='bbox 855 3243 882 3292; x_wconf 83' lang='lat'>9.</span> <span class='ocrx_word' id='word_1_181' title='bbox 900 3249 925 3290; x_wconf 85' lang='lat' dir='ltr'>ct</span> <span class='ocrx_word' id='word_1_182' title='bbox 944 3240 989 3290; x_wconf 89' lang='lat' dir='ltr'>boc</span> <span class='ocrx_word' id='word_1_183' title='bbox 1009 3257 1078 3290; x_wconf 78' lang='lat' dir='ltr'>sensu</span> <span class='ocrx_word' id='word_1_184' title='bbox 1097 3241 1185 3306; x_wconf 71' lang='lat' dir='ltr'>panim</span> 
     </span>
     <span class='ocr_line' id='line_1_27' title="bbox 128 3311 1185 3384; baseline 0.002 -22"><span class='ocrx_word' id='word_1_185' title='bbox 128 3311 168 3363; x_wconf 80' lang='lat' dir='ltr'>lut.</span> <span class='ocrx_word' id='word_1_186' title='bbox 184 3331 240 3364; x_wconf 84' lang='lat' dir='ltr'>num</span> <span class='ocrx_word' id='word_1_187' title='bbox 250 3325 276 3366; x_wconf 84' lang='lat' dir='ltr'>et</span> <span class='ocrx_word' id='word_1_188' title='bbox 287 3316 357 3384; x_wconf 76' lang='lat' dir='ltr'>apud</span> <span class='ocrx_word' id='word_1_189' title='bbox 371 3315 473 3365; x_wconf 83' lang='lat' dir='ltr'>Suidam</span> <span class='ocrx_word' id='word_1_190' title='bbox 481 3327 506 3367; x_wconf 85' lang='lat' dir='ltr'>et</span> <span class='ocrx_word' id='word_1_191' title='bbox 516 3320 579 3384; x_wconf 80' lang='lat' dir='ltr'>epud</span> <span class='ocrx_word' id='word_1_192' title='bbox 589 3321 635 3369; x_wconf 90' lang='lat' dir='ltr'>Di.</span> <span class='ocrx_word' id='word_1_193' title='bbox 684 3318 789 3368; x_wconf 81' lang='lat' dir='ltr'>medicos</span> <span class='ocrx_word' id='word_1_194' title='bbox 797 3334 884 3367; x_wconf 74' lang='lat' dir='ltr'>sum</span> <span class='ocrx_word' id='word_1_195' title='bbox 895 3325 1037 3366; x_wconf 76' lang='lat' dir='ltr'>etauumm</span> <span class='ocrx_word' id='word_1_196' title='bbox 1046 3332 1131 3381; x_wconf 79' lang='lat' dir='ltr'>capere</span> <span class='ocrx_word' id='word_1_197' title='bbox 1142 3316 1185 3365; x_wconf 92' lang='lat' dir='ltr'>do-</span> 
     </span>
     <span class='ocr_line' id='line_1_28' title="bbox 127 3383 1188 3459; baseline 0.001 -23"><span class='ocrx_word' id='word_1_198' title='bbox 127 3390 251 3440; x_wconf 78' lang='lat' dir='ltr'>orcnridem</span> <span class='ocrx_word' id='word_1_199' title='bbox 268 3391 355 3440; x_wconf 79' lang='lat' dir='ltr'>media</span> <span class='ocrx_word' id='word_1_200' title='bbox 367 3383 465 3455; x_wconf 75' lang='lat' dir='ltr'>dyllaba</span> <span class='ocrx_word' id='word_1_201' title='bbox 480 3409 547 3458; x_wconf 68' lang='lat' dir='ltr'>perp</span> <span class='ocrx_word' id='word_1_202' title='bbox 557 3395 635 3459; x_wconf 88' lang='lat' dir='ltr'>psilon</span> <span class='ocrx_word' id='word_1_203' title='bbox 684 3391 734 3441; x_wconf 86' lang='lat' dir='ltr'>cuit</span> <span class='ocrx_word' id='word_1_204' title='bbox 754 3391 863 3440; x_wconf 87' lang='lat' dir='ltr'>Rhodius</span> <span class='ocrx_word' id='word_1_205' title='bbox 878 3390 904 3439; x_wconf 90' lang='lat' dir='ltr'>in</span> <span class='ocrx_word' id='word_1_206' title='bbox 924 3389 1003 3438; x_wconf 83' lang='lat' dir='ltr'>lexico</span> <span class='ocrx_word' id='word_1_207' title='bbox 1023 3389 1188 3448; x_wconf 77' lang='lat' dir='ltr'>Scriboniano,</span> 
     </span>
     <span class='ocr_line' id='line_1_29' title="bbox 127 3461 1185 3530; baseline 0.006 -22"><span class='ocrx_word' id='word_1_208' title='bbox 127 3461 243 3526; x_wconf 74' lang='lat' dir='ltr'>scribitur5</span> <span class='ocrx_word' id='word_1_209' title='bbox 260 3480 417 3530; x_wconf 80' lang='lat' dir='ltr'>quamquam</span> <span class='ocrx_word' id='word_1_210' title='bbox 426 3463 487 3514; x_wconf 74' lang='lat' dir='ltr'>alins</span> <span class='ocrx_word' id='word_1_211' title='bbox 495 3465 567 3526; x_wconf 83' lang='lat' dir='ltr'>iidem</span> <span class='ocrx_word' id='word_1_212' title='bbox 576 3485 634 3518; x_wconf 78' lang='lat' dir='ltr'>nuc·</span> <span class='ocrx_word' id='word_1_213' title='bbox 683 3465 714 3516; x_wconf 89' lang='lat' dir='ltr'>de</span> <span class='ocrx_word' id='word_1_214' title='bbox 731 3465 822 3515; x_wconf 85' lang='lat' dir='ltr'>interno</span> <span class='ocrx_word' id='word_1_215' title='bbox 844 3474 869 3514; x_wconf 86' lang='lat' dir='ltr'>et</span> <span class='ocrx_word' id='word_1_216' title='bbox 888 3471 985 3514; x_wconf 84' lang='lat' dir='ltr'>externo</span> <span class='ocrx_word' id='word_1_217' title='bbox 1003 3464 1185 3516; x_wconf 72' lang='lat' dir='ltr'>medimmenro.</span> 
     </span>
     <span class='ocr_line' id='line_1_30' title="bbox 128 3539 775 3602; baseline 0.005 -18"><span class='ocrx_word' id='word_1_218' title='bbox 128 3541 183 3584; x_wconf 78' lang='lat' dir='ltr'>tures</span> <span class='ocrx_word' id='word_1_219' title='bbox 192 3553 280 3602; x_wconf 81' lang='lat' dir='ltr'>genere</span> <span class='ocrx_word' id='word_1_220' title='bbox 292 3539 509 3589; x_wconf 80' lang='lat' dir='ltr'>nonconvcniant.</span> <span class='ocrx_word' id='word_1_221' title='bbox 527 3557 582 3590; x_wconf 79' lang='lat' dir='ltr'>nam</span> <span class='ocrx_word' id='word_1_222' title='bbox 589 3542 634 3590; x_wconf 90' lang='lat' dir='ltr'>Di·</span> <span class='ocrx_word' id='word_1_223' title='bbox 684 3541 775 3588; x_wconf 72' lang='lat' dir='ltr'>Burin.</span> 
     </span>
     <span class='ocr_line' id='line_1_31' title="bbox 127 3611 1185 3681; baseline 0.004 -21"><span class='ocrx_word' id='word_1_224' title='bbox 127 3611 237 3662; x_wconf 70' lang='lat' dir='ltr'>mortus</span> <span class='ocrx_word' id='word_1_225' title='bbox 255 3613 369 3672; x_wconf 76' lang='grc' dir='ltr'><strong>οἶσυπος</strong></span> <span class='ocrx_word' id='word_1_226' title='bbox 386 3611 412 3661; x_wconf 76' lang='lat' dir='ltr'>dl</span> <span class='ocrx_word' id='word_1_227' title='bbox 428 3612 535 3680; x_wconf 74' lang='grc' dir='ltr'>λέγεται,</span> <span class='ocrx_word' id='word_1_228' title='bbox 547 3616 634 3681; x_wconf 81' lang='lat' dir='ltr'>inquit,</span> <span class='ocrx_word' id='word_1_229' title='bbox 715 3616 774 3663; x_wconf 81' lang='grc'><strong>219.</strong></span> <span class='ocrx_word' id='word_1_230' title='bbox 793 3615 885 3676; x_wconf 75' lang='lat' dir='ltr'>Operosi</span> <span class='ocrx_word' id='word_1_231' title='bbox 901 3615 968 3678; x_wconf 76' lang='lat' dir='ltr'>tigno</span> <span class='ocrx_word' id='word_1_232' title='bbox 988 3614 1116 3678; x_wconf 51' lang='lat' dir='ltr'>Myrone]</span> <span class='ocrx_word' id='word_1_233' title='bbox 1137 3615 1185 3664; x_wconf 90' lang='lat' dir='ltr'>Cui</span> 
     </span>
     <span class='ocr_line' id='line_1_32' title="bbox 127 3684 1184 3754; baseline 0.007 -23"><span class='ocrx_word' id='word_1_234' title='bbox 127 3684 152 3731; x_wconf 77' lang='grc' dir='ltr'>τὸ</span> <span class='ocrx_word' id='word_1_235' title='bbox 170 3685 195 3734; x_wconf 74' lang='grc' dir='ltr'>ἐκ</span> <span class='ocrx_word' id='word_1_236' title='bbox 210 3691 264 3738; x_wconf 69' lang='grc' dir='ltr'>νῦν</span> <span class='ocrx_word' id='word_1_237' title='bbox 282 3687 439 3753; x_wconf 71' lang='lat' dir='ltr'>olourrnpdm</span> <span class='ocrx_word' id='word_1_238' title='bbox 456 3686 529 3754; x_wconf 68' lang='grc' dir='ltr'><strong><em>ἱρέων</em></strong></span> <span class='ocrx_word' id='word_1_239' title='bbox 550 3689 633 3750; x_wconf 73' lang='grc' dir='ltr'>λίπος.</span> <span class='ocrx_word' id='word_1_240' title='bbox 683 3704 730 3738; x_wconf 85' lang='lat' dir='ltr'>non</span> <span class='ocrx_word' id='word_1_241' title='bbox 741 3687 844 3737; x_wconf 85' lang='lat' dir='ltr'>innotuit</span> <span class='ocrx_word' id='word_1_242' title='bbox 853 3688 948 3736; x_wconf 87' lang='lat' dir='ltr'>Bucula</span> <span class='ocrx_word' id='word_1_243' title='bbox 955 3687 1071 3750; x_wconf 84' lang='lat' dir='ltr'>Myronis,</span> <span class='ocrx_word' id='word_1_244' title='bbox 1080 3687 1184 3752; x_wconf 81' lang='lat' dir='ltr'>inquam</span> 
     </span>
    </p>
   </div>
   <div class='ocr_carea' id='block_1_5' title="bbox 128 3753 1270 3827">
    <p class='ocr_par' dir='ltr' id='par_1_6' title="bbox 128 3753 1270 3827">
     <span class='ocr_line' id='line_1_33' title="bbox 128 3753 1270 3827; baseline -0.004 -15"><span class='ocrx_word' id='word_1_245' title='bbox 128 3753 218 3808; x_wconf 62' lang='lat' dir='ltr'>iheu»</span> <span class='ocrx_word' id='word_1_246' title='bbox 683 3771 787 3819; x_wconf 79' lang='lat' dir='ltr'>exstant,</span> <span class='ocrx_word' id='word_1_247' title='bbox 808 3763 834 3810; x_wconf 92' lang='lat' dir='ltr'>in</span> <span class='ocrx_word' id='word_1_248' title='bbox 855 3760 956 3810; x_wconf 80' lang='lat' dir='ltr'>Antbol.</span> <span class='ocrx_word' id='word_1_249' title='bbox 977 3759 1011 3809; x_wconf 82' lang='lat' dir='ltr'>iu.</span> <span class='ocrx_word' id='word_1_250' title='bbox 1030 3777 1054 3810; x_wconf 90' lang='lat' dir='ltr'>c.</span> <span class='ocrx_word' id='word_1_251' title='bbox 1076 3761 1102 3810; x_wconf 88' lang='grc'>7.</span> <span class='ocrx_word' id='word_1_252' title='bbox 1125 3760 1183 3827; x_wconf 82' lang='lat' dir='ltr'>Epi·</span> <span class='ocrx_word' id='word_1_253' title='bbox 1265 3765 1270 3774; x_wconf 88' lang='grc'><strong>“</strong></span> 
     </span>
    </p>
   </div>
   <div class='ocr_carea' id='block_1_6' title="bbox 124 3833 1184 4120">
    <p class='ocr_par' dir='ltr' id='par_1_7' title="bbox 124 3833 1184 4120">
     <span class='ocr_line' id='line_1_34' title="bbox 154 3833 1184 3901; baseline 0.005 -22"><span class='ocrx_word' id='word_1_254' title='bbox 154 3833 210 3883; x_wconf 81' lang='grc'><strong>215.</strong></span> <span class='ocrx_word' id='word_1_255' title='bbox 227 3835 367 3900; x_wconf 58' lang='lat' dir='ltr'>suasim]</span> <span class='ocrx_word' id='word_1_256' title='bbox 393 3835 469 3884; x_wconf 70' lang='lat' dir='ltr'>Sulcis</span> <span class='ocrx_word' id='word_1_257' title='bbox 484 3853 545 3887; x_wconf 82' lang='lat' dir='ltr'>unus</span> <span class='ocrx_word' id='word_1_258' title='bbox 562 3839 632 3888; x_wconf 80' lang='lat' dir='ltr'>Vati·</span> <span class='ocrx_word' id='word_1_259' title='bbox 683 3852 783 3901; x_wconf 77' lang='lat' dir='ltr'>grunun.</span> <span class='ocrx_word' id='word_1_260' title='bbox 795 3835 862 3884; x_wconf 83' lang='lat' dir='ltr'>xxxi.</span> <span class='ocrx_word' id='word_1_261' title='bbox 873 3850 887 3882; x_wconf 89' lang='lat' dir='ltr'>e</span> <span class='ocrx_word' id='word_1_262' title='bbox 898 3833 985 3900; x_wconf 83' lang='lat' dir='ltr'>quibus</span> <span class='ocrx_word' id='word_1_263' title='bbox 996 3850 1107 3900; x_wconf 78' lang='lat' dir='ltr'>sequens,</span> <span class='ocrx_word' id='word_1_264' title='bbox 1119 3835 1184 3900; x_wconf 88' lang='lat' dir='ltr'>quod</span> 
     </span>
     <span class='ocr_line' id='line_1_35' title="bbox 125 3907 1090 3972; baseline 0.001 -19"><span class='ocrx_word' id='word_1_265' title='bbox 125 3919 201 3956; x_wconf 75' lang='lat' dir='ltr'>canus.</span> <span class='ocrx_word' id='word_1_266' title='bbox 224 3910 286 3958; x_wconf 85' lang='lat' dir='ltr'>lorte</span> <span class='ocrx_word' id='word_1_267' title='bbox 310 3912 411 3959; x_wconf 67' lang='lat' dir='ltr'>meiste-</span> <span class='ocrx_word' id='word_1_268' title='bbox 441 3910 533 3960; x_wconf 81' lang='lat' dir='ltr'>Hnrus.</span> <span class='ocrx_word' id='word_1_269' title='bbox 563 3912 633 3960; x_wconf 90' lang='lat' dir='ltr'>Nihil</span> <span class='ocrx_word' id='word_1_270' title='bbox 683 3909 820 3960; x_wconf 80' lang='lat' dir='ltr'>estJuliani</span> <span class='ocrx_word' id='word_1_271' title='bbox 830 3909 932 3972; x_wconf 82' lang='lat' dir='ltr'>AEgypt.</span> <span class='ocrx_word' id='word_1_272' title='bbox 943 3907 1090 3957; x_wconf 80' lang='lat' dir='ltr'>adferemus:</span> 
     </span>
     <span class='ocr_line' id='line_1_36' title="bbox 126 3981 1183 4051; baseline 0.006 -25"><span class='ocrx_word' id='word_1_273' title='bbox 126 3989 202 4042; x_wconf 60' lang='lat' dir='ltr'>nutu</span> <span class='ocrx_word' id='word_1_274' title='bbox 222 3999 314 4032; x_wconf 74' lang='lat' dir='ltr'>summ</span> <span class='ocrx_word' id='word_1_275' title='bbox 333 3989 420 4049; x_wconf 81' lang='lat' dir='ltr'>posset</span> <span class='ocrx_word' id='word_1_276' title='bbox 441 3983 528 4049; x_wconf 83' lang='lat' dir='ltr'>uliquis</span> <span class='ocrx_word' id='word_1_277' title='bbox 547 4001 633 4051; x_wconf 79' lang='lat' dir='ltr'>capere</span> <span class='ocrx_word' id='word_1_278' title='bbox 716 3985 807 4050; x_wconf 79' lang='lat' dir='ltr'>[Idprw</span> <span class='ocrx_word' id='word_1_279' title='bbox 817 3981 892 4042; x_wconf 73' lang='grc' dir='ltr'><strong><em>τήνδε</em></strong></span> <span class='ocrx_word' id='word_1_280' title='bbox 903 3981 1025 4046; x_wconf 77' lang='grc' dir='ltr'><strong>Μύρωνος</strong></span> <span class='ocrx_word' id='word_1_281' title='bbox 1035 3981 1104 4040; x_wconf 70' lang='grc' dir='ltr'><strong><em>ἰδὼν,</em></strong></span> <span class='ocrx_word' id='word_1_282' title='bbox 1115 3982 1183 4047; x_wconf 79' lang='grc' dir='ltr'>τάχα</span> 
     </span>
     <span class='ocr_line' id='line_1_37' title="bbox 124 4057 939 4120; baseline 0.006 -19"><span class='ocrx_word' id='word_1_283' title='bbox 124 4067 161 4115; x_wconf 84' lang='lat' dir='ltr'>pro</span> <span class='ocrx_word' id='word_1_284' title='bbox 176 4057 256 4108; x_wconf 85' lang='lat' dir='ltr'>bibere</span> <span class='ocrx_word' id='word_1_285' title='bbox 274 4057 405 4107; x_wconf 78' lang='lat' dir='ltr'>medullas</span> <span class='ocrx_word' id='word_1_286' title='bbox 420 4057 506 4108; x_wconf 78' lang='lat' dir='ltr'>mixtus</span> <span class='ocrx_word' id='word_1_287' title='bbox 523 4059 577 4110; x_wconf 89' lang='lat' dir='ltr'>vino</span> <span class='ocrx_word' id='word_1_288' title='bbox 594 4061 632 4110; x_wconf 86' lang='lat' dir='ltr'>vel</span> <span class='ocrx_word' id='word_1_289' title='bbox 747 4063 819 4109; x_wconf 76' lang='grc' dir='ltr'>τοῦτο</span> <span class='ocrx_word' id='word_1_290' title='bbox 829 4057 939 4120; x_wconf 70' lang='grc' dir='ltr'><strong><em>βοήσας·</em></strong></span> 
     </span>
    </p>
   </div>
   <div class='ocr_carea' id='block_1_7' title="bbox 122 4202 934 4338">
    <p class='ocr_par' dir='ltr' id='par_1_8' title="bbox 122 4202 934 4338">
     <span class='ocr_line' id='line_1_38' title="bbox 122 4202 934 4272; baseline -0.004 -17"><span class='ocrx_word' id='word_1_291' title='bbox 122 4202 159 4252; x_wconf 72' lang='lat'>³2·</span> <span class='ocrx_word' id='word_1_292' title='bbox 170 4205 211 4255; x_wconf 75' lang='lat' dir='ltr'>red</span> <span class='ocrx_word' id='word_1_293' title='bbox 222 4207 289 4256; x_wconf 77' lang='lat' dir='ltr'>melo</span> <span class='ocrx_word' id='word_1_294' title='bbox 305 4206 339 4256; x_wconf 78' lang='lat' dir='ltr'>dc</span> <span class='ocrx_word' id='word_1_295' title='bbox 353 4207 479 4272; x_wconf 84' lang='lat' dir='ltr'>pigmento</span> <span class='ocrx_word' id='word_1_296' title='bbox 494 4223 523 4256; x_wconf 85' lang='lat' dir='ltr'>cx</span> <span class='ocrx_word' id='word_1_297' title='bbox 535 4209 631 4258; x_wconf 73' lang='lat' dir='ltr'>cervina</span> <span class='ocrx_word' id='word_1_298' title='bbox 736 4209 836 4266; x_wconf 75' lang='grc' dir='ltr'><strong>,ἔπλετο</strong></span> <span class='ocrx_word' id='word_1_299' title='bbox 848 4203 934 4270; x_wconf 77' lang='grc' dir='ltr'><strong><em>τέχνη.</em></strong></span> 
     </span>
     <span class='ocr_line' id='line_1_39' title="bbox 747 4290 794 4338; baseline 0 0"><span class='ocrx_word' id='word_1_300' title='bbox 747 4291 768 4338; x_wconf 78' lang='grc' dir='ltr'>Ε</span> <span class='ocrx_word' id='word_1_301' title='bbox 779 4290 794 4338; x_wconf 80' lang='grc'>3</span> 
     </span>
    </p>
   </div>
   <div class='ocr_carea' id='block_1_8' title="bbox 0 0 1536 5104">
    <p class='ocr_par' dir='ltr' id='par_1_9' title="bbox 0 0 1536 5104">
     <span class='ocr_line' id='line_1_40' title="bbox 0 0 1536 5104; baseline 0 7"><span class='ocrx_word' id='word_1_302' title='bbox 0 0 1536 5104; x_wconf 95' lang='lat' dir='ltr'> </span> 
     </span>
    </p>
   </div>
  </div>
 </body>
</html>
