3020 5106
292 409 525 478 'fulsurum
547 411 637 480 LIB.
660 411 704 478 V.
725 411 862 480 ELEG.
884 413 934 481 11.
1070 419 1136 486 ata

100 585 269 660 Barbara
286 609 348 660 me
365 585 490 674 tellus,
509 584 685 683 orbisque
702 587 904 661 novissima
919 589 1045 686 magni

149 701 345 790 Sustinet3
375 712 414 776 et
429 724 527 775 saevo
544 701 690 774 cinctus
709 702 756 774 ab
774 702 882 777 hoste
898 703 1015 778 locus.

99 813 198 891 Hinc
211 840 285 916 ego
301 817 503 915 trajiceret,
515 816 749 913 nequeenim
762 839 848 890 mea
860 818 1136 917 eulpacruenta

148 931 274 1022 Esset,
295 957 381 1031 quae
399 933 526 1020 debet,
545 931 577 1004 si
595 930 665 1004 tibi
683 955 773 1006 cura
789 931 875 1006 mei.
1046 936 1133 1031 [est,

101 1045 169 1123 Ille
184 1048 304 1138 Deus,
322 1050 509 1146 beneque
529 1046 700 1121 Romana
713 1047 881 1144 potentia
892 1048 982 1123 nixa
997 1060 1067 1139 est,
1086 1053 1134 1124 35

149 1163 260 1263 Saepe
278 1189 348 1238 suo
365 1164 481 1238 victor
497 1163 591 1237 lenis
609 1161 649 1234 in
665 1161 773 1236 hoste
791 1161 873 1236 fuit.

100 1277 198 1362 Quid
214 1280 394 1354 dubitas?
412 1279 504 1377 quid
521 1289 603 1352 tuta
620 1277 756 1352 times?
775 1278 927 1365 aceede,
945 1301 1131 1378 rogoque:

148 1395 301 1470 Caesare
318 1396 370 1468 nil
388 1396 520 1492 ingens
537 1393 664 1467 mitius
681 1393 781 1467 orbis
799 1394 925 1469 hebet.

99 1508 163 1586 Me
179 1511 381 1586 miserum!
409 1510 500 1608 quid
519 1515 641 1606 agam,
659 1509 691 1581 si
709 1509 881 1607 proxima
897 1533 1058 1610 queque
1076 1535 1132 1586 re·

244 1627 448 1725 linquunt?
1058 1643 1061 1658 '

147 1741 349 1816 Subtrahis
367 1741 519 1817 effracto
536 1751 577 1816 tu
595 1765 748 1840 quoque
765 1742 863 1816 colla
874 1741 992 1839 jugo?
1084 1747 1141 1816 40

99 1855 181 1940 Quo
196 1857 321 1932 ferar?
348 1859 447 1933 unde
465 1868 591 1957 petam
608 1859 724 1957 lapsis
742 1860 874 1933 solatia
891 1860 1029 1934 rebus?

144 1972 323 2048 Ancbora
336 1977 415 2072 jam
431 1985 595 2050 nostram
613 1999 688 2049 non
705 1985 810 2050 tenet
825 1977 902 2050 ulla
917 1985 1047 2050 ratem.

98 2086 259 2164 Viderit:
290 2089 374 2189 ipse
392 2114 547 2178 sacram,
567 2090 736 2187 quamvis
754 2091 908 2179 invisus,
928 2091 976 2166 ad
994 2115 1096 2166 aram

146 2203 394 2302 confugiam:
423 2205 544 2279 nullas
563 2207 760 2280 submovet
778 2231 841 2281 ara
857 2231 1003 2282 manus.

99 2318 290 2420 Adloquor
300 2347 349 2396 en
364 2323 499 2397 absens
513 2323 712 2421 praesentia
724 2323 877 2396 numina
890 2324 1065 2420 supplex,
1083 2326 1132 2396 45

147 2435 186 2508 Si
203 2437 261 2510 las
279 2447 341 2510 est
357 2437 496 2512 homini
514 2462 599 2510 oum
617 2437 711 2511 Jove
728 2461 841 2536 posse
857 2436 973 2534 loqui.

100 2549 244 2626 Arbiter
261 2551 423 2651 imperii,
443 2577 518 2650 quo
533 2564 677 2628 certum
696 2563 755 2627 est
772 2553 912 2650 sospite
928 2562 1082 2626 cunctos

146 2666 323 2742 Ausoniae
340 2691 467 2742 curam
484 2670 606 2766 gentis
623 2670 762 2744 babere
780 2669 903 2756 Deos;

103 2781 133 2854 0
150 2783 279 2870 decus,
299 2809 323 2856 ο
341 2784 469 2882 patriae
487 2809 554 2884 per
570 2796 609 2860 te
626 2785 792 2860 florentis
809 2785 932 2879 imago
947 2810 955 2871 ;

147 2897 178 2970 O
197 2898 254 2973 vir
271 2922 349 2972 nou
365 2900 459 2997 ipso,
479 2925 591 2998 quem
609 2901 720 2998 regis,
739 2902 830 2975 orbe
846 2899 985 2988 minor;
1083 2903 1132 2972 50

103 3011 160 3087 Sic
172 3014 324 3089 habites
342 3015 479 3089 terras!
507 3016 561 3090 sic
580 3025 617 3090 te
635 3017 823 3091 desideret
840 3014 975 3088 aether!

147 3129 207 3204 Sic
226 3131 276 3204 ad
295 3139 409 3229 pacta
424 3131 492 3205 tibi
510 3131 634 3206 sidera
650 3132 779 3206 tardus
797 3131 883 3206 easl

102 3299 308 3350 sibiaoonritibus
324 3299 350 3348 in
367 3299 450 3350 itinere
464 3301 589 3360 inmatura,
639 3297 1020 3365 cruentadignum,oornmiserim.
1046 3299 1133 3350 Eunu.

101 3371 244 3440 hncttclpe.
341 3415 342 3420 ,
671 3379 712 3425 45.
731 3375 1134 3438 Aubquarmutematmrianu-

129 3447 589 3512 ³³.ijtmer.]1ntocnmclemen-
639 3451 701 3497 minu
727 3449 840 3512 supplan]
877 3449 991 3510 Adloquor
1016 3446 1132 3512 potiores:

103 3517 175 3570 liorem
200 3522 306 3572 mitterer
335 3522 366 3571 ab
390 3521 505 3585 Augusto.
549 3522 591 3572 Est
640 3533 753 3588 preterea
770 3522 918 3572 scribendum
934 3529 1000 3586 puto,
1015 3525 1135 3582 presentia

102 3605 195 3644 matu.
227 3597 271 3645 Est
287 3593 409 3662 capitalis,
427 3596 491 3660 quod
509 3613 591 3662 quem·
640 3599 751 3656 numium
762 3597 825 3661 quod
833 3611 933 3644 acumen
941 3611 988 3643 uon
995 3592 1134 3644 intellexere

103 3680 165 3730 qum
174 3669 311 3718 occiderim.
640 3670 719 3720 insciti
728 3669 830 3719 librarii:
842 3667 942 3718 Tristii.
950 3671 990 3718 54.
999 3668 1134 3731 Augustum

130 3743 168 3790 43.
191 3743 302 3807 Viderit]
328 3741 415 3791 Sensus
433 3743 541 3808 egregius
561 3761 591 3793 ex
640 3754 710 3794 vocat
718 3755 846 3808 manetem
856 3746 1042 3806 conspicuumque
1051 3742 1134 3792 Deum.

104 3816 190 3880 wlpra
204 3817 247 3867 illa
263 3817 368 3867 formula
384 3817 483 3866 Viderit:
506 3819 592 3867 viderit
673 3821 712 3868 46.
730 3818 873 3882 cumdeda]
892 3817 955 3867 Cum
967 3816 1082 3881 Augusto.

104 3885 221 3952 dogmas,
232 3907 307 3957 quam
325 3890 362 3939 illi
375 3889 489 3939 inuidiam
502 3893 589 3942 confla·
672 3895 711 3941 47.
729 3894 830 3948 Arbiter,
852 3889 909 3953 δια]
936 3891 1035 3945 Arbiter,
1056 3886 1134 3950 inquit

104 3963 211 4013 turussirn
225 3965 291 4031 apud
304 3979 397 4021 omnes,
407 3963 426 4012 si
436 3979 480 4029 ego
490 3965 589 4014 destitn·
640 3968 731 4023 Festus,
745 3965 831 4016 dieitur
841 3964 924 4030 judex,
936 3962 999 4026 quod
1012 3959 1082 4009 totius
1098 3958 1133 4008 rei

105 4041 137 4082 tos
147 4039 293 4088 eburonibus
303 4038 398 4094 amicis,
411 4048 435 4086 et
450 4047 542 4105 propter
553 4039 588 4089 le·
639 4042 726 4090 babeat
736 4039 857 4090 arbitrium
868 4053 896 4085 ac
908 4036 1052 4083 facultatem.

104 4107 208 4162 'lstimuu
228 4114 327 4179 eulpam
350 4111 492 4177 graviorime
512 4129 589 4178 poene
671 4102 1133 4186 50.Nouipro,quemregir.]Tantilaci-

104 4180 589 4252 demetuneonlugiamadaramseoram,
639 4176 1132 4254 snue‚quanritotuuimulorbis:parorbr.

105 4262 204 4323 ‘mquam
214 4260 361 4328 inexpiabile
375 4259 472 4318 crimen,
482 4269 507 4309 et
516 4269 589 4310 morte
671 4265 711 4313 52.
722 4262 911 4321 Adsideropaeru
920 4254 982 4316 titt]
996 4249 1035 4300 Ad
1043 4248 1133 4298 ooeluto
