2974 5100
250 421 323 486 EX
347 417 508 486 ΡΟΝΤΟ
533 417 623 484 LIB.
648 416 677 484 1.
701 415 846 484 EPISn.
870 419 933 486 lv.
1047 417 1131 486 878·

77 594 186 668 Illum
203 603 331 668 tutata
349 603 407 668 est
423 617 510 667 cum
528 591 684 667 Pallade
703 592 806 690 regia
822 592 845 665 J
848 619 943 668 uno:

123 709 340 786 Defendere
358 734 482 785 meum
497 709 650 784 numine
666 709 769 784 nulla
786 721 921 808 caput;
1066 715 1116 784 40

76 825 183 901 Illum
201 825 349 899 furtivae
363 829 493 924 juvere
512 823 711 924 Cupidinis
729 834 841 911 artes,

121 941 227 1026 Quas
245 965 270 1016 a
284 965 348 1016 me
365 941 499 1017 vellem
518 965 592 1014 non
609 940 806 1015 didicisset
824 940 960 1016 Amor:

77 1057 141 1134 Ille
159 1060 318 1134 domum
336 1059 467 1148 rediit3
489 1083 557 1132 nos
574 1057 632 1131 his
651 1057 850 1132 moriemur
866 1059 905 1130 in
922 1059 1031 1146 arvis,

121 1175 340 1251 Perstiterit
357 1176 436 1248 laesi
454 1175 486 1248 si
504 1174 625 1273 gravis
644 1174 699 1248 ire
718 1172 802 1246 Dei.

78 1290 215 1366 Durius
233 1301 294 1366 est
312 1291 426 1388 igitur
441 1301 622 1377 nostrum,
638 1289 821 1363 fidissima
836 1291 988 1387 conjux,
1066 1297 1115 1368 45

122 1408 206 1496 Illo,
227 1408 332 1505 quod
350 1407 465 1482 subiit
482 1407 621 1482 AEsone
640 1418 761 1495 natus
778 1431 884 1479 onus.

77 1521 127 1596 Te
145 1547 314 1621 quoque,
327 1538 442 1621 quarn
454 1525 633 1621 juvenem
645 1523 845 1597 discedens
859 1523 952 1597 urbe
966 1523 1113 1623 reliqui,

124 1640 317 1715 Credibile
333 1652 394 1714 est
410 1641 547 1714 nostris
564 1639 773 1715 insenuisse
792 1639 917 1712 malis

80 1755 111 1827 Ο
129 1781 211 1852 ego,
229 1756 281 1829 Dr
299 1756 584 1858 faciant,talem
602 1767 641 1831 te
659 1779 810 1830 cernere
828 1755 982 1854 possim,

127 1873 305 1971 Ceraque'
322 1873 476 1948 mutetis
495 1874 624 1948 oscula
637 1873 732 1948 ferre
751 1871 877 1969 genis3
1068 1879 1117 1948 50

80 1987 345 2086 Amplectique
364 1988 457 2062 meis
475 2012 612 2086 corpus
630 2013 703 2062 non
718 1988 858 2087 pingue
875 1986 1047 2079 lacertis3

126 2103 187 2191 Et,
206 2104 351 2202 gracile
368 2105 440 2178 hoc
458 2104 558 2191 fecit,
578 2105 715 2192 dicere,
735 2129 825 2179 cura
841 2101 937 2179 mei:

83 2218 127 2292 Et
143 2243 294 2294 narrare
312 2243 417 2294 meos
435 2220 539 2293 flenti
557 2219 651 2293 flens
666 2219 750 2318 ipse·
764 2220 931 2308 labores3

127 2335 288 2434 Sperato
307 2361 499 2433 nunqnam
517 2336 781 2434 colloquioque
798 2334 891 2424 frui;

82 2449 249 2549 Turaque
263 2451 481 2524 Caesaribus
495 2477 581 2526 curn
593 2453 753 2549 conjuge
768 2449 918 2524 Caesare
931 2453 1055 2549 digna,
1068 2458 1116 2531 55

126 2564 193 2639 Dis
210 2565 324 2651 veris,
343 2566 498 2641 memori
514 2565 643 2640 debita
656 2566 752 2640 serre
770 2566 903 2639 manu!

83 2678 293 2754 Memnonis
312 2683 408 2755 hanc
426 2682 581 2768 utinam,
601 2681 715 2755 lenito
732 2681 913 2782 principe,
933 2693 1052 2756 meter

127 2795 249 2880 Quam
269 2796 432 2894 primurn
450 2821 556 2870 roseo
574 2808 751 2894 provocet
767 2820 832 2871 ore
848 2798 968 2871 diem!

83 2991 151 3044 petru
177 2986 290 3050 Cyaneas
318 2985 436 3042 transiret,
463 2985 574 3035 ostendit.
623 2987 717 3035 Serrav.
734 2985 833 3050 Argent.
849 2995 874 3034 et
888 2994 934 3036 tres
950 2985 1000 3035 alii.
1032 2990 1119 3037 Amor-ir

83 3057 151 3107 vocat
170 3067 253 3107 entem
278 3057 397 3107 Phineum
414 3058 574 3123 Agenoridem
622 3069 780 3125 ‚deceptorem
797 3076 823 3108 se
841 3060 928 3126 passim
942 3071 1020 3110 noster
1037 3063 1119 3130 adpel-

82 3131 145 3180 etiun
154 3131 309 3199 Apollonius,
320 3141 348 3180 nt
358 3148 432 3196 quum
444 3134 493 3182 ait:
624 3133 669 3182 let.

108 3203 180 3256 'nucu
197 3205 219 3256 δ’
228 3205 353 3257 ἐπάκτιον
367 3205 574 3274 οἶεονἋγηνορί-
657 3209 698 3255 55.
719 3207 843 3255 Cesaribus
863 3223 915 3254 mm
932 3205 1048 3276 conjoge]
1075 3207 1119 3256 Per

139 3278 234 3345 δηςέχε
247 3281 346 3341 Φινεύς·
625 3280 740 3337 cemes,
761 3283 895 3345 Augustum
916 3291 941 3329 et
964 3282 1015 3346 ejus
1040 3282 1117 3330 filios:

84 3353 118 3400 ubi
125 3365 202 3405 monet
209 3356 360 3415 scholiastes,
368 3356 483 3407 Phineum
494 3373 509 3406 a
519 3373 576 3406 non·
625 3370 667 3418 per
683 3354 807 3419 conjugem
822 3369 885 3411 vero,
902 3353 1003 3412 Liviam,
1019 3355 1121 3420 Augusti

84 3428 147 3478 nullis
164 3430 289 3480 Phoenicis
306 3432 389 3488 filium,
400 3431 517 3496 Agenoris
535 3448 576 3481 ne·
626 3445 730 3483 urorern,
741 3427 856 3493 intellige.

84 3509 154 3564 potem
164 3501 257 3552 haberi.
658 3505 697 3552 56.
710 3504 792 3552 Debita
803 3504 871 3569 ferre
885 3503 979 3567 mone]
998 3505 1120 3570 Proprium

112 3575 149 3622 41.
166 3576 240 3624 illum
253 3577 375 3642 furtive]
402 3579 468 3635 Jaso,
491 3578 576 3643 inquit,
625 3575 650 3623 in
671 3576 715 3625 hac
737 3593 761 3626 re
783 3579 881 3625 verbum
902 3577 1035 3642 essesme
1054 3587 1121 3627 notet

84 3643 159 3695 bonit
168 3649 293 3706 Medeam,
304 3664 358 3712 qun
369 3651 421 3716 ejus
431 3667 510 3701 amore
520 3667 575 3716 cup·
626 3648 723 3698 Hernld.
731 3651 762 3699 nd
773 3651 863 3700 Arnob.
874 3651 916 3700 lib.
925 3651 964 3701 rii.
977 3668 1001 3716 p.
1008 3653 1065 3700 260.

85 3718 156 3772 teiln
172 3721 204 3770 ad
221 3721 364 3786 rapiendum
380 3737 478 3771 aureum
489 3723 573 3780 vellus,
658 3725 698 3772 57.
712 3725 787 3774 Mater
799 3726 946 3788 Memnonis]
965 3726 1064 3782 Aurora,
1080 3727 1121 3774 'li-

84 3804 155 3854 ⁰pen‚
166 3803 225 3850 arte,
235 3803 261 3842 et
274 3793 373 3844 consilio
383 3795 480 3860 profuit.
626 3797 703 3846 nonis
713 3815 779 3858 uxor,
790 3809 911 3864 mutesque
920 3799 1061 3849 Memnonis.

113 3866 149 3916 42.
170 3868 223 3918 Nori
247 3871 363 3919 didicisset
384 3871 485 3934 omns}
507 3873 575 3920 Amr
