2982 5118
251 382 327 448 EX
351 382 511 456 PONTO
536 385 628 457 LIB-
653 387 723 454 111.
748 387 894 460 EPIST.
918 391 987 457 111.
1079 397 1146 466 455

89 557 326 656 Adjectique
343 560 506 657 probent
522 558 688 662 genitiva
704 561 752 641 ad
771 563 923 646 nomina
941 563 1077 654 Cotta,

136 673 179 746 Si
199 685 245 746 tu
264 699 345 754 non
362 699 479 763 esses,
498 675 696 758 interitura
711 679 861 756 domus.

89 787 214 887 Digne
232 791 293 868 vir
310 791 383 869 hac
400 792 509 880 serie,
527 793 636 892 lapso
654 820 871 878 succurrere
889 799 1009 882 emico

136 905 387 985 Conveniens
404 908 486 990 istis
504 909 671 992 moribus
690 937 775 988 esse
793 923 897 1012 puta.
1073 921 1142 990 llo

387 1395 734 1483 EPISTOLA
772 1399 846 1474 III.
945 1513 949 1522 ,

423 1581 570 1649 FABIO
595 1582 811 1652 MAXIMO.

89 1736 134 1810 Sr
152 1748 266 1812 vacat
283 1735 465 1832 exignum
482 1735 641 1836 profugo
658 1737 748 1815 dare
764 1747 915 1838 tempus
933 1741 1066 1828 enrico,
1177 1805 1189 1825 .

10 1935 12 1942 ¹
140 1851 173 1924 Ο
192 1852 302 1925 sidus
322 1850 462 1938 Fabiae,
482 1849 665 1939 Maxime,
684 1854 819 1950 gentis,
840 1855 953 1933 odes:

88 1968 191 2042 num
209 1969 280 2042 tibi
297 1993 385 2066 quoe
402 1969 477 2042 vidi
495 1968 675 2059 referam3
698 1995 765 2046 seu
782 1971 948 2070 corporis
967 1974 1111 2062 umbre,

139 2085 216 2161 Seu
234 2085 315 2162 veri
332 2087 492 2184 species,
511 2111 579 2162 seu
593 2087 665 2162 fuit
682 2087 746 2162 ille
762 2113 887 2187 sopor.

87 2201 177 2276 Nox
195 2215 301 2279 erat:
322 2215 362 2278 et
375 2203 512 2280 bifores
529 2204 695 2280 intrabat
712 2204 819 2280 Luna
835 2205 1031 2294 fenestras,
1114 2212 1137 2286 5

137 2318 276 2395 Mense
294 2318 373 2395 fere
390 2320 515 2396 medio
532 2329 675 2419 quanta
692 2320 812 2396 nitere
829 2321 938 2398 solet.

87 2433 249 2511 Publica
266 2459 330 2510 me
348 2435 499 2534 requies
516 2459 689 2512 curarum
706 2459 858 2512 somnus
877 2436 1053 2526 habebat,

137 2549 319 2650 Fusaque
336 2560 445 2630 erunt
459 2561 539 2632 toto
555 2551 736 2648 languida
751 2552 921 2630 membra
937 2563 1040 2629 toro:

88 2667 215 2754 Quum
232 2667 362 2742 subito
380 2669 513 2767 pennis
531 2668 694 2765 agitatus
711 2668 894 2744 inhorruit
911 2691 986 2754 aer,

138 2783 190 2858 Et
203 2783 351 2882 gemuit
367 2807 482 2882 parvo
499 2794 602 2858 mota
617 2782 783 2860 fenestre
799 2808 904 2860 sono.
1089 2791 1134 2859 10

86 2900 254 2976 Territus
269 2901 493 2976 incubitum
508 2902 632 2976 relevo
645 2926 730 2976 mea
743 2903 912 2978 membra
926 2899 1131 2990 sinistrum,

135 3016 278 3091 Pulsus
297 3028 337 3091 et
353 3042 375 3092 e
393 3018 541 3116 trepido
558 3029 713 3117 pectore
732 3041 885 3094 somnus
903 3017 994 3092 abit.

85 3289 128 3324 nn
139 3274 204 3339 apud
212 3273 340 3326 Μαθθίου
358 3274 522 3327 P·Vsnss1us
534 3275 586 3326 Vo·
636 3275 765 3341 religiosus.
784 3283 809 3325 et
826 3275 862 3324 vir
880 3275 963 3334 bonus
982 3274 1134 3339 quemadm-

86 3365 145 3398 nrss.
163 3349 191 3400 F.
207 3349 371 3408 Poruooss;
392 3365 464 3415 quem
484 3348 585 3415 scriptu·
635 3348 692 3400 dum
702 3350 748 3400 {uit
757 3350 840 3402 Numa
849 3366 899 3400 rex.

85 3437 132 3472 rsrn
150 3421 283 3489 Dionyn'ur
304 3423 502 3474 Halicarnasseus
524 3439 584 3490 qno·
671 3425 724 3474 107.
736 3425 844 3474 Gmirr'oo
852 3425 974 3490 eguerim
987 3421 1078 3488 Corra]
1096 3425 1135 3477 Aa

85 3511 129 3560 qus
144 3506 169 3546 st
179 3497 326 3549 Plutarchus
338 3506 481 3562 agnoscunt:
500 3506 585 3564 postes
634 3501 726 3548 nomino
747 3507 840 3548 veteres
866 3497 990 3564 pleriqu05
1017 3507 1043 3548 et
1063 3505 1135 3548 recto.

85 3569 166 3620 Volusi
183 3571 313 3622 ervsrerii
326 3571 392 3630 dicti,
404 3572 445 3638 qui
457 3572 548 3624 valesii
558 3583 584 3624 et
634 3570 716 3622 Innuit
735 3571 807 3621 etism
826 3571 952 3638 adoptione
969 3569 995 3620 in
1009 3571 1134 3622 Aurelian

86 3643 265 3711 Valesiiprimo.
283 3645 374 3695 Hirrus.
404 3645 493 3696 Volesus
501 3656 584 3698 auctor
633 3645 756 3697 Cotterurn
772 3645 888 3698 furnilium
906 3645 1027 3696 omna.
1054 3646 1135 3699 Husu-

83 3723 268 3779 psrn‘inomr'uir.
296 3721 582 3786 AVolesocuimpetcr-
633 3737 696 3770 srus.

85 3807 139 3844 arun
153 3811 229 3859 genus
246 3793 320 3846 traxit
331 3793 409 3847 Cotta.
437 3795 582 3846 Fuirsutsm
669 3796 724 3845 109.
736 3795 789 3844 Hac
799 3796 876 3859 serie]
896 3795 948 3844 Hoc
957 3794 1072 3848 virtutum
1080 3801 1134 3842 tus·

86 3867 182 3920 Volesos
196 3870 310 3927 Sabinus,
322 3867 364 3934 qni
380 3885 435 3918 curn
449 3868 520 3918 Tatio
531 3869 583 3918 Ro-
632 3883 685 3916 rum
699 3869 782 3920 ordine
792 3887 799 3930 ;
810 3869 857 3926 vel,
867 3867 931 3933 quod
949 3867 1025 3932 turgis
1040 3867 1130 3932 placer,

86 3945 228 3996 usuvenit.
633 3941 678 3992 hnc
689 3943 804 4008 majorum
815 3942 912 4007 origine.

116 4019 168 4068 106.
190 4019 272 4068 Numa
291 4017 429 4082 marma]
458 4017 582 4069 Secundus

83 4107 121 4138 rex
138 4091 301 4144 Remunorurn
318 4093 400 4144 Numa
416 4091 583 4159 Pompilius,a
667 4093 691 4141 ⁷.
711 4093 809 4142 Publica
827 4092 912 4154 sequier
928 4083 1059 4150 curarum]
1080 4087 1131 4136 Rs-

85 4181 130 4228 quo
153 4183 192 4234 per
215 4179 316 4217 matrem
344 4166 448 4216 ducebat
467 4165 582 4231 originem
633 4160 1062 4232 quiesquacommunisastomnibus.
1078 4161 1130 4210 Hs·

86 4237 159 4290 eoru.
194 4241 248 4292 Esse
269 4257 327 4290 surm.
352 4239 418 4299 Quia
436 4241 508 4289 Cotta
532 4251 583 4290 eret
634 4244 707 4290 utar.
726 4242 806 4292 Aiebat
816 4235 954 4288 Marionisn.
963 4234 1033 4283 alter.

114 4307 116 4314 ⁴
732 4314 809 4363 Gor
