2988 5116
368 403 436 468 tao
661 399 700 466 Ρ.
725 399 889 466 OVIDII
911 401 1124 469 NASONIS

672 601 1000 680 EPISTOLA
1039 607 1110 682 lx.

739 789 887 856 GOTYI
911 791 1041 858 REGI.

370 927 512 1002 Raors
533 928 742 1027 progenies,
761 928 822 1002 cui
841 927 1047 1002 nobilitatis
1065 928 1170 1026 origo

421 1045 570 1119 Nomen
588 1045 625 1117 in
646 1043 819 1142 Eumolpi
838 1043 1007 1142 pervenit
1024 1067 1159 1141 usque,
1178 1044 1304 1145 Coty;

371 1161 489 1236 Fama
506 1161 646 1257 loquax
663 1170 805 1233 vestras
824 1159 857 1232 si
869 1160 950 1256 jam
968 1161 1203 1258 pervenitad
1221 1185 1343 1248 aures,

419 1275 485 1352 Me
502 1277 570 1350 tibi
588 1275 736 1350 finitimi
756 1286 860 1374 parte
874 1277 1003 1373 jacere
1021 1277 1114 1366 soli;

370 1392 561 1493 Supplicia
579 1392 729 1481 exaudi,
744 1395 925 1490 juvenum
943 1392 1152 1479 mitissime,
1170 1417 1327 1469 vocem:
1384 1400 1404 1468 5

421 1509 620 1606 Quamque
634 1519 741 1608 potes
757 1506 926 1607 profugo,
938 1530 1025 1581 nam
1039 1519 1159 1606 poteS,
1172 1509 1278 1583 adfer
1286 1533 1403 1608 opem.

371 1625 436 1700 Me
454 1625 603 1700 fortuna
619 1624 700 1712 tibi,
720 1623 769 1698 de
787 1647 927 1722 quana
945 1647 1166 1722 conquerar,
1182 1624 1257 1699 hoo
1273 1636 1342 1712 est,

419 1740 609 1828 Tradidit;
632 1741 704 1814 hoo
722 1763 797 1814 uno
815 1751 889 1814 non
908 1743 1059 1816 inimica
1075 1741 1179 1816 mihi.

371 1855 516 1954 Excipe
534 1852 769 1951 naufragium
786 1881 860 1930 non
879 1857 973 1930 duro
989 1858 1098 1931 litore
1111 1867 1295 1946 nostrum,

421 1970 481 2045 Ne
499 1969 610 2044 fuerit
627 1981 727 2044 terra
743 1971 860 2046 tutior
876 1973 977 2046 unda
994 1983 1072 2047 tua.
1123 2006 1127 2014 ·
1367 1978 1406 2046 10

371 2087 503 2184 Regia,
524 2086 635 2160 crede
654 2085 758 2174 mihi,
778 2110 837 2161 res
856 2099 915 2162 est
933 2088 1154 2162 subcurrere
1171 2088 1310 2188 lapsis:

419 2201 606 2277 Convenit
622 2213 662 2277 et
679 2213 796 2291 tanto,
817 2215 982 2302 quantus
1000 2229 1041 2279 es
1059 2203 1155 2302 ipse,
1169 2205 1260 2278 viro.

370 2321 573 2396 Fortunam
586 2320 698 2394 decet
711 2322 782 2394 hoc
794 2320 926 2395 istam:
948 2343 1032 2418 quae
1047 2321 1212 2395 maxima
1222 2341 1340 2418 quum
1350 2321 1404 2404 sit,

421 2435 516 2510 Esse
534 2445 660 2534 potest
677 2436 801 2510 animo
819 2437 882 2510 rix
898 2447 1025 2512 tamen
1043 2461 1153 2536 aequa
1167 2447 1246 2511 tuo.

402 2688 424 2735 l.
438 2685 490 2734 Coti
504 2686 569 2750 regin
577 2686 716 2752 progenies]
735 2685 807 2736 lluno
817 2685 863 2736 Co
915 2701 990 2752 mqtrs
1008 2688 1039 2737 ab
1056 2685 1188 2752 Dnnolp05
1205 2683 1337 2751 Eumolpus
1347 2684 1404 2734 enin

366 2761 435 2817 tium,
455 2759 530 2808 filium
554 2760 616 2826 regis
638 2759 745 2810 Threcia
768 2771 792 2810 et
815 2761 864 2810 Ge·
915 2761 1022 2828 Neptuni
1043 2769 1069 2810 et
1087 2759 1200 2818 Chiones.
1219 2775 1274 2825 qun
1290 2761 1370 2808 Boin
1384 2767 1405 2808 et

366 2843 452 2890 tarum,
472 2833 544 2883 luisse
570 2835 629 2883 libet
650 2833 773 2898 suspicari,
793 2850 864 2899 quem
915 2835 1022 2900 Orithyss
1041 2843 1107 2892 nats,
1126 2831 1202 2892 filiun
1216 2850 1245 2884 ex
1265 2833 1365 2882 anscia
1383 2833 1405 2879 in

366 2906 520 2973 Tranquillus
533 2907 656 2956 enimn
665 2906 781 2973 edpellst.
794 2909 865 2959 Mss.
914 2909 1020 2960 Attienus
1035 2909 1110 2959 venit.
1142 2908 1204 2957 Eusn
1225 2923 1283 2956 sane
1300 2907 1406 2956 linum

370 2983 477 3032 Pervenit
493 2997 563 3045 usque
580 2981 639 3032 Coti.
666 2981 739 3032 viris
757 2981 865 3034 inscribi·
914 2983 1072 3034 csrminssuo
1080 2979 1288 3047 ioeoenrsdpdlst.
1313 2981 1381 3028 Nes.

367 3065 407 3108 tur
422 3056 474 3106 hnc
491 3055 591 3120 Elegin
607 3055 648 3106 elii
665 3055 695 3105 sd
715 3056 805 3106 Cetium
822 3057 864 3106 hs·
947 3059 972 3108 8.
990 3057 1044 3107 Nos
1060 3059 1121 3106 ‹lsro
1138 3055 1227 3119 litern]
1248 3056 1306 3104 Non
1323 3067 1404 3120 ηοω.

367 3133 434 3182 bont·
469 3129 536 3180 Inirs
554 3129 640 3180 endem
661 3128 744 3194 uirgis
764 3129 865 3196 poninu,
915 3127 1404 3196 sedbenignnplsnidnetpropitissrls.

369 3205 473 3269 Gany,
486 3207 603 3270 progenies
620 3205 692 3270 ἅμα
706 3215 801 3266 potestte
818 3215 865 3264 ltro,
915 3204 983 3270 quui
1002 3203 1075 3262 diost,
1094 3219 1139 3268 ego
1159 3202 1279 3268 relegunt
1299 3211 1402 3266 chsn

368 3279 410 3329 sbi
424 3279 547 3330 vocativus
562 3279 628 3344 Coty,
645 3293 691 3328 non
707 3293 722 3328 s
737 3287 802 3330 meto
818 3279 865 3330 Cn·
916 3275 1201 3344 mmsgunuppend
1211 3274 1269 3326 litus
1279 3283 1345 3324 tnsrn
1354 3288 1403 3322 oon·

367 3353 423 3410 tius,
437 3353 478 3402 sed
497 3368 511 3402 ι
525 3353 594 3417 cotys
607 3353 670 3404 tertii
686 3353 776 3404 ordinis
789 3353 865 3404 fleeu‘·
915 3351 989 3418 fugio,
999 3367 1129 3419 pecusque
1142 3359 1170 3400 ut
1183 3365 1222 3400 nse
1235 3349 1338 3414 benigne
1346 3345 1403 3398 esci·

367 3435 414 3476 tur.
442 3424 559 3491 Micyllus
571 3427 715 3492 deeoCoty
726 3425 764 3476 hic
775 3426 864 3477 intelli·
914 3425 975 3492 pist.

367 3499 412 3564 git,
429 3500 498 3565 cujus
513 3501 602 3548 mentio
622 3501 649 3548 lit
668 3498 732 3566 apud
747 3500 865 3559 Taciturn,
950 3501 989 3550 10.
1000 3499 1130 3566 Nscsssrs't
1141 3497 1224 3562 tm]
1237 3498 1333 3563 Exque
1342 3501 1403 3561 poelt

367 3575 412 3624 lib.
424 3574 451 3623 ii.
471 3581 496 3622 et
512 3588 583 3638 quern
604 3573 667 3623 idern
686 3583 776 3632 unctor,
795 3585 822 3626 nt
841 3586 866 3628 et
914 3573 1192 3632 institutionum
1213 3571 1298 3622 sedens
1316 3583 1401 3636 spernu-

366 3649 459 3704 Strsbo.
476 3645 519 3697 lib.
533 3647 575 3696 xii.
593 3648 681 3712 Cotyn,
696 3664 739 3714 per
755 3664 772 3712 y
791 3651 864 3700 norni-
915 3649 979 3707 darn,
989 3664 1062 3714 quarn
1073 3649 1098 3697 in
1108 3645 1175 3696 mari·
1195 3646 1266 3705 Quod
1276 3645 1299 3694 si
1308 3643 1350 3694 sibi
1361 3651 1401 3690 tm

366 3731 417 3774 nst.
445 3721 516 3781 Quod
535 3721 637 3770 libenter
653 3737 746 3785 sequa,
764 3729 788 3770 et
805 3731 864 3772 tern-
915 3723 987 3788 longe
995 3721 1146 3786 navigatione
1154 3719 1268 3786 pepercit,
1275 3719 1350 3768 rnnlto
1359 3729 1401 3763 ns·

366 3813 449 3866 porum
477 3793 567 3846 ratione
594 3791 684 3853 hebius,
708 3803 733 3845 st
759 3811 864 3860 persona
914 3797 951 3863 gis
968 3797 1020 3864 ejus
1040 3805 1127 3846 terrem
1147 3794 1260 3860 intelligit
1282 3787 1401 3844 dahiud

367 3871 516 3939 qualitatem,
538 3879 564 3920 et
590 3869 710 3934 ingenium
737 3885 792 3918 curn
819 3869 865 3921 hec
913 3885 1019 3937 parcere.
1043 3869 1124 3919 Nostri
1134 3869 1375 3933 ostentmprom.

367 3946 526 4012 descriptione
545 3945 675 3994 conferens.
709 3943 734 3992 Is
758 3945 822 3994 eninr
843 3951 868 3993 et
952 3947 990 3994 ll.
1008 3945 1149 3994 Soteorrere
1164 3943 1253 4008 lapsis]
1275 3941 1352 3990 Cicer.
1368 3949 1401 4001 pm

369 4021 514 4087 temporibus
524 4018 626 4084 Augusti
636 4018 753 4084 supremis
767 4018 832 4074 visit,
844 4027 868 4068 et
913 4017 1012 4083 ligurio
1031 4018 1162 4074 confirmat,
1179 4015 1245 4066 nulla
1264 4031 1289 4064 re
1307 4009 1401 4063 homine*

370 4097 401 4146 ab
421 4095 503 4146 eodem
522 4094 630 4160 Augusto
648 4094 712 4159 regni
727 4092 868 4142 tunnensis
916 4091 1011 4158 propius
1030 4092 1060 4142 nd
1074 4092 1140 4140 Deos
1156 4089 1280 4145 uendere.
1290 4101 1357 4154 qussi
1370 4097 1401 4130 fl·

369 4179 460 4237 purtem
471 4168 573 4235 accepit.
917 4163 1233 4214 lutenrhominibusdnndo.
1261 4165 1337 4213 Pons.

401 4246 425 4292 2
441 4245 548 4292 Per-nesii
564 4259 641 4306 srsqtre.
659 4242 716 4306 δια]
735 4241 867 4292 Descendit
