3020 5106
268 331 505 401 umsrluu
529 332 621 400 LIB.
646 331 715 401 111.
740 331 877 400 ELEG.
901 333 1014 400 XIII.
1099 333 1167 402 2&

112 503 214 592 Quid
227 505 303 582 tibi
320 531 407 582 cum
421 507 573 584 Pontol
600 533 690 586 num
704 517 743 584 te
756 533 910 608 quoque
929 507 1093 584 Caesaris
1112 507 1167 583 ira

160 621 390 699 Extremam
408 625 521 722 gelidi
539 625 643 700 misit
660 625 698 700 in
715 625 817 700 orbis
835 625 1017 700 humum?

113 737 274 816 Scilicet
290 751 494 842 exspectes
512 743 613 818 soliti
630 743 699 818 tibi
716 743 829 819 moris
846 743 1039 832 bonorem,

161 855 344 932 Pendeat
360 883 409 932 ex
426 858 593 934 humeris
610 858 728 939 vestis
745 870 790 933 ut
807 859 894 934 alba
910 859 1031 934 meis?

112 970 279 1048 Fumida
296 973 469 1072 cingatur
485 973 708 1062 florentibus
727 997 792 1050 ara
808 975 983 1050 coronis?
1123 975 1167 1050 15

160 1089 352 1190 Micaque
369 1093 528 1167 solemni
545 1092 639 1167 turis
657 1092 696 1166 in
715 1091 803 1190 igue
821 1093 954 1167 sonet?

114 1205 291 1308 Libaque
310 1209 397 1284 dem
414 1233 482 1310 pro
499 1234 561 1286 me
579 1207 744 1308 genitale
762 1209 935 1284 notantia
948 1207 1125 1308 tempus?

163 1323 471 1425 Concipiamque
488 1327 609 1402 bonas
627 1350 691 1401 ore
708 1325 857 1402 favente
867 1326 1035 1426 preces?

115 1437 202 1514 Non
220 1440 279 1514 ita
296 1465 382 1514 sum
398 1439 568 1540 positus3
598 1465 669 1518 uec
688 1450 776 1516 suut
794 1465 840 1518 ea
856 1451 1028 1541 tempora
1044 1441 1167 1529 uobis,

163 1555 347 1633 Adventu
365 1557 508 1656 possim
525 1558 634 1634 laetus
651 1570 695 1633 ut
711 1582 797 1633 esse
815 1569 894 1634 tuo.
1120 1562 1171 1632 20
1230 1635 1239 1648 ,

118 1669 277 1747 I'uueris
295 1695 361 1748 ara
377 1671 482 1761 mihi,
502 1672 607 1749 ferali
625 1675 751 1749 cincta
767 1697 961 1774 cupresso,

166 1787 370 1877 Convenit,
388 1799 428 1863 et
445 1791 598 1865 structis
616 1791 769 1865 flamma
786 1800 918 1890 parata
934 1789 1057 1888 rogis:

150 2015 188 2063 14.
208 2014 281 2063 Vestis
299 2024 328 2062 us
344 2016 418 2080 ultst]
437 2016 518 2074 Quam
532 2015 617 2067 indue·
668 2031 737 2067 suum
754 2015 859 2066 natalem
877 2015 1029 2068 celebrabat:
1048 2023 1072 2065 et
1089 2029 1172 2066 omnes

115 2089 181 2146 bant,
193 2089 235 2155 qni
246 2088 354 2138 natalem
365 2091 526 2141 celebrabant.
570 2147 577 2156 Ι
669 2091 710 2158 qui
731 2091 807 2140 libum
827 2099 972 2156 gustassent,
992 2091 1054 2140 bene
1079 2090 1171 2156 precari

76 2223 78 2226 Ι
150 2165 188 2214 15.
214 2163 319 2212 Fumida
347 2165 478 2230 cingerum]
507 2165 621 2216 Sciebant
669 2168 800 2233 oportebat.
835 2166 924 2216 Gesslus
934 2165 1002 2216 Deus
1012 2173 1057 2223 est,
1068 2167 1136 2232 cujus
1146 2165 1171 2214 in

116 2237 180 2288 eninr
197 2237 239 2287 die
259 2237 337 2287 natali
353 2237 465 2290 honorem
481 2237 537 2290 Diis
554 2240 621 2290 esbi-
669 2243 753 2300 tutela,
774 2249 802 2291 ut
819 2241 921 2307 quisque
940 2249 1012 2291 natus
1029 2247 1075 2298 est,
1096 2240 1170 2289 sirit:

116 2314 180 2372 bere,
191 2321 216 2364 et
224 2313 470 2380 Geuio'potiasimum,
478 2315 621 2382 cujusararu
670 2316 720 2366 aive
742 2316 807 2383 quod
828 2331 870 2366 nos
893 2315 986 2381 genitos
1009 2315 1123 2381 suscipiat
1144 2331 1172 2366 su

116 2388 184 2439 sutis
210 2395 352 2438 coronatam
379 2397 431 2440 tura
456 2392 619 2458 vaporabant:
671 2397 775 2441 tueatur.

117 2463 171 2512 Iib.
180 2463 206 2514 ii.
218 2465 244 2514 2.
255 2465 287 2512 3:
705 2466 743 2514 lu.
756 2463 926 2530 Orssuuersts.]
939 2461 1108 2528 Birpnpos'rvrs.
1126 2464 1172 2513 ru·

152 2537 262 2586 Uruurur
284 2539 327 2600 piu
352 2547 407 2587 turs
425 2539 497 2604 fucis,
516 2551 621 2591 uruntur
670 2545 815 2588 remantem
826 2533 998 2587 eetbonslsri.

180 2615 268 2662 odora.
301 2613 376 2661 Mers.
705 2613 744 2664 19.
762 2612 815 2661 Non
831 2614 865 2660 itu
882 2627 932 2660 suns
941 2609 1045 2673 porum,-
1062 2627 1107 2659 nors
1118 2622 1173 2660 suut

150 2688 190 2737 16.
216 2686 350 2752 binaque]
372 2687 447 2736 Mieus
469 2697 557 2738 vocent
582 2688 620 2737 vel
670 2697 810 2750 eutemporu
825 2685 909 2748 uoltu]
929 2684 984 2731 Nou
1001 2685 1034 2731 itu
1048 2687 1173 2747 subparibus

117 2773 217 2812 contusa
230 2777 307 2826 grans
321 2771 346 2810 et
360 2761 443 2818 lracn.
454 2762 492 2812 rel
507 2779 622 2812 concussa
670 2761 741 2828 prim.
753 2759 867 2810 Vaticsn.
884 2759 973 2808 Versus
989 2763 1025 2806 est
1044 2767 1086 2808 aut
1105 2775 1173 2809 men-

118 2847 142 2888 et
152 2837 220 2888 elisa.
231 2835 299 2886 Plio.
310 2835 570 2888 xii.14.Colunsel.vi.
581 2838 622 2888 30.
672 2837 752 2894 dosus,
768 2843 811 2884 aut
828 2835 976 2884 adulteratus
984 2850 994 2893 ,·
1018 2831 1172 2884 liciniensis:

118 2911 263 2961 Bersmsnn.
298 2909 416 2958 Hennes.
672 2929 713 2960 uec
728 2920 783 2960 suut
802 2919 849 2958 tum
865 2925 971 2972 propera
988 2909 1057 2956 uobis.
1085 2907 1174 2958 Herus.

150 2985 181 3035 In
200 2989 255 3052 igue
265 2984 351 3048 sorsat]
387 2983 468 3048 Crepet
484 2983 623 3044 vossianus,
673 2985 709 3034 Ex
728 2984 779 3051 ipso
796 2985 869 3033 verbo
883 2987 969 3047 positus
985 2980 1067 3030 Ovidii
1086 2981 1175 3032 intelli·

117 3062 179 3111 utin
190 3059 278 3118 Fastis,
289 3059 335 3108 lib.
345 3059 378 3108 iv.
389 3075 437 3108 ver.
449 3061 497 3108 742
508 3077 513 3107 ι
673 3057 737 3124 gitur
748 3057 858 3107 exsilium
875 3066 899 3108 et
911 3056 993 3106 infelix
1008 3055 1120 3106 conditio.
1137 3057 1176 3106 lta

151 3137 183 3186 Et
201 3146 279 3200 erepet
301 3139 327 3183 ts
346 3137 427 3184 mediis
444 3137 525 3185 laurus
541 3138 624 3185 adusta
674 3132 758 3181 Horat.
768 3131 784 3180 i.
795 3131 843 3181 Od.
852 3131 911 3180 axii.
923 3145 973 3180 ver.
988 3130 1024 3178 17.
1034 3145 1072 3195 sq.

174 3211 258 3276 socis5
708 3207 772 3256 Pone
781 3223 823 3264 sue,
834 3205 1127 3273 pign'sulls'nullueumpIs

118 3284 257 3336 sualmis.
268 3283 310 3333 El.
322 3281 347 3332 ii.
358 3297 409 3331 ver.
422 3281 452 3330 4:
707 3281 782 3328 Arbor
791 3283 1083 3340 astioureereuturuuru5

151 3359 261 3424 Turaque
271 3360 447 3424 inigussouut.
520 3355 592 3404 Man.
674 3361 700 3404 et
711 3353 770 3404 ibid.

118 3435 192 3484 Sonat.
209 3433 278 3483 Nam
296 3447 311 3482 a
328 3433 406 3481 sonitu
423 3438 449 3480 et
464 3430 556 3496 crepitu
576 3441 624 3480 tam
708 3429 772 3478 Posse
789 3431 830 3478 sub
848 3447 922 3480 curru
941 3429 1038 3477 nimium
1054 3431 1176 3495 propinqui

117 3507 184 3567 turis,
210 3523 286 3574 quam
310 3505 371 3555 lauri
399 3503 543 3563 ardentium,
566 3503 625 3554 selis
740 3503 817 3562 Sulis,-

119 3582 342 3649 umeueaptabant.
375 3579 455 3628 Pour.
674 3575 766 3626 Lucan.
777 3595 801 3627 v.
812 3576 869 3626 184.
879 3592 917 3642 sq.

152 3657 193 3706 17.
212 3656 318 3720 Libaque
330 3655 380 3702 deus
389 3669 431 3715 pro
439 3651 483 3717 ta]
504 3651 562 3700 Deru
570 3667 623 3714 pro·
837 3661 951 3700 notarent
963 3651 1031 3700 litera
1042 3654 1102 3701 cluri

117 3734 167 3795 pris
182 3729 303 3798 plerique.
336 3727 384 3777 Sed
400 3726 470 3793 prim.
487 3725 558 3776 Polit.
574 3729 625 3775 dem
709 3725 814 3775 Nominis
824 3722 1178 3792 exsiliaposs'tuqueiln'cuuj'uge

117 3823 159 3870 pro
174 3823 227 3865 sse,·
250 3802 319 3870 quod
335 3817 429 3868 sequor.
445 3801 546 3852 'Herse
572 3801 626 3850 ser·
742 3800 834 3866 Magni.
1054 3799 1143 3848 Buau.

119 3881 171 3932 rius
187 3879 282 3936 scribit,
297 3875 375 3926 libum
392 3875 528 3943 placentam
545 3874 644 3933 brunes
708 3875 750 3924 21.
769 3873 869 3924 Funeris
883 3891 926 3924 aru
942 3871 1178 3938 urilt,seruls'es'uetu
1212 3907 1218 3914 -

120 3955 256 4021 qulam,
267 3950 351 4008 melle,
362 3959 386 3999 et
397 3949 450 4000 oleo
460 3949 627 4008 constabatet
675 3950 807 4014 capraru]
835 3949 944 4014 cupresso
965 3947 1082 3997 meliores.
1109 3947 1178 3996 Malo

119 4039 175 4096 spts
187 4036 242 4080 erat
255 4022 394 4078 aurificiis:
413 4040 489 4090 eaque
503 4023 543 4074 dle
553 4024 628 4074 natali
676 4024 749 4073 etiam
766 4023 878 4074 Funebria
891 4041 948 4072 aru:
965 4021 1000 4070 sic
1007 4021 1121 4086 susetrss
1136 4039 1177 4070 eu·

119 4101 330 4155 discumbentibus
353 4099 532 4166 adponebstur:
560 4115 629 4150 neruo
645 4125 655 4136 ,
675 4115 760 4163 presset
774 4107 799 4150 et
807 4099 912 4165 funebre
925 4097 1019 4150 ballum.
1034 4092 1114 4143 mediat
1130 4094 1178 4159 syl-

121 4188 199 4230 sutesu
221 4177 290 4246 prius
311 4175 433 4241 gustatu,
454 4189 526 4240 quam
547 4173 629 4239 isqui
678 4166 1072 4250 labacorrepta,dixitliprntiua:
1090 4165 1175 4236 q'esss·
