2982 5118
246 423 318 488 EX
342 421 505 488 ΡΟΝΤΟ
529 421 619 487 LIB.
644 421 707 488 IV.
732 421 877 490 EPIST.
899 422 991 490 XII.
1086 423 1152 492 519

107 599 172 673 Ast
188 621 260 696 ego
278 623 354 674 non
372 597 487 672 alium
504 597 607 696 prius
625 598 697 672 hoc
715 597 889 695 dignarer
906 599 1066 687 honore;

152 715 223 788 Est
237 714 377 814 aliquis
395 723 565 787 nostrum
576 713 615 814 'si
633 712 745 787 modo
763 737 915 789 carmen
930 716 1061 790 honos.

108 831 181 907 Lex
198 832 309 930 pedis
327 833 460 918 officio,
480 841 690 930 naturaque
708 832 869 906 nominis
887 833 1052 921 obstant,
1129 837 1151 908 5

121 947 123 952 ’
153 947 315 1046 Quaque
333 971 436 1021 meos
455 947 583 1034 adeas,
602 959 662 1020 est
678 945 738 1020 via
755 948 870 1036 nulla,
890 950 1036 1024 modos.

52 1077 60 1088 “
108 1065 203 1139 Nam
221 1065 342 1164 pudet
359 1064 396 1137 in
414 1063 584 1161 geminos
602 1063 657 1138 ita
674 1088 810 1139 nomen
827 1065 970 1140 findere
988 1091 1129 1154 versus,

154 1181 316 1254 Desinat
331 1191 374 1252 ut
389 1179 489 1278 prior
507 1180 591 1266 hoc,
610 1180 841 1280 incipiatque
859 1181 1000 1256 minor:
1132 1171 1140 1185 ⁰

107 1295 154 1371 Et
169 1296 324 1396 pudeat,
344 1296 376 1369 si
393 1307 444 1384 te,
465 1318 543 1392 qua
559 1296 707 1394 syllaba
723 1308 829 1396 parte
846 1307 1024 1382 moratur,

152 1413 306 1488 Aietius
324 1413 525 1512 adpellem,
540 1411 843 1511 Tuticanumque
857 1437 1000 1487 vocem.
1109 1417 1153 1486 10

107 1529 186 1604 Nec
204 1540 313 1629 potes
329 1529 370 1602 in
386 1553 535 1603 versum
553 1526 727 1603 Tuticani
745 1550 847 1602 more
864 1529 1002 1615 venire,

154 1647 238 1720 Fiat
256 1659 299 1720 ut
316 1671 337 1720 e
354 1646 467 1743 longa
483 1645 632 1745 syllaba
648 1645 771 1744 prima
786 1643 921 1718 brevis.

105 1763 182 1836 Aut
198 1762 441 1862 producatur,
460 1785 545 1858 quae
565 1784 664 1835 nunc
681 1759 890 1859 correptius
909 1761 1000 1847 exit,

152 1878 204 1953 Et
220 1880 271 1954 sit
287 1889 460 1978 porrecta
476 1879 590 1976 longa
606 1879 774 1954 secunda
790 1901 907 1952 mora.

105 1993 174 2068 His
192 2019 264 2092 ego
282 1995 314 2067 si
330 1995 430 2068 vitiis
449 1995 569 2068 ausim
586 2017 825 2094 corrumpere
842 2018 992 2082 nomen,
1108 1997 1151 2066 15

152 2110 307 2197 Rideat,
325 2120 367 2184 et
383 2110 515 2184 merito
532 2121 665 2210 pectus
683 2112 821 2187 habere
840 2135 967 2209 neget.

106 2225 198 2301 Haec
215 2227 308 2301 mihi
326 2249 442 2300 causa
458 2225 528 2301 fuit
548 2227 656 2301 dilati
671 2225 835 2300 muneris
853 2227 977 2324 hujus,

153 2341 266 2426 Quod
284 2366 390 2416 meus
408 2342 557 2439 adjecto
573 2341 713 2416 foenore
731 2342 866 2417 reddet
882 2364 984 2438 ager.

104 2457 235 2557 'leque
250 2481 384 2532 canam
401 2482 641 2556 quacumque
658 2469 768 2533 nota:
797 2459 866 2532 tibi
884 2457 1050 2532 carmina
1066 2455 1152 2530 mit-

153 2575 271 2649 Poene
287 2575 379 2647 mihi
396 2599 512 2673 puero
530 2577 680 2673 cognite
699 2598 807 2675 paene
824 2597 940 2673 puer;
1043 2575 1150 2669 [tam,

106 2691 256 2790 Perque
266 2700 323 2764 tot
333 2714 515 2764 annorum
526 2693 776 2792 seriem,quot
785 2692 968 2766 habemus
978 2702 1149 2790 uterque,

117 2839 121 2850 ’
155 2806 244 2881 Non
262 2805 365 2893 mihi,
385 2830 499 2904 quam
513 2807 617 2882 fratri
635 2810 759 2896 frater,
780 2817 902 2882 amate
920 2807 1055 2880 minuo.

105 2923 161 2996 Tu
180 2924 302 2998 bonus
320 2923 499 3012 hortator,
518 2935 559 2998 tu
577 2926 731 3025 duxque
749 2946 953 3021 comesque
967 2922 1082 3009 fuisti,

154 3039 283 3124 Quum
300 3065 468 3138 regerem
485 3053 615 3117 tenera
630 3042 744 3117 fraena
761 3040 907 3116 novella
923 3062 1049 3113 manu.

106 3157 217 3255 Saepe
233 3181 304 3253 ego
322 3158 467 3231 correxi
485 3158 557 3232 suh
573 3169 611 3234 te
630 3181 785 3233 censore
803 3154 972 3242 libell0s;
1102 3157 1150 3226 25

155 3273 268 3371 Saepe
286 3272 355 3345 tibi
373 3273 566 3347 admonitu
584 3273 684 3348 sacta
700 3273 811 3347 litura
828 3293 913 3344 meo
931 3280 1011 3345 est:

137 3577 160 3624 7.
179 3576 209 3624 la
218 3577 422 3642 geminaverant]
440 3577 469 3625 In
480 3577 539 3626 duos
551 3593 603 3627 ver·
652 3577 758 3632 brevem.
770 3591 823 3641 quta
835 3583 921 3624 natura
930 3573 1030 3640 produci
1038 3571 1119 3622 debet.

103 3668 156 3700 sus:
175 3649 284 3716 ponendo
294 3650 320 3699 in
331 3650 398 3700 calce
408 3651 538 3700 hexametri
550 3669 602 3717 par·
687 3650 725 3698 la.
743 3647 811 3697 Meus
819 3650 894 3715 agea]
913 3651 997 3698 Meum
1007 3646 1136 3710 ingenium.

104 3735 151 3772 tem
161 3723 261 3772 nominis
268 3723 303 3772 tui
314 3724 422 3790 priorem,
430 3726 521 3774 scilicet
534 3726 601 3775 Tuti:
684 3726 725 3773 2³.
744 3725 779 3772 Tu
791 3725 860 3773 boatu
868 3722 990 3784 hortatum]
1008 3719 1048 3768 Ad
1055 3719 1153 3769 virtutes

102 3807 127 3848 et
148 3797 247 3847 alteram
268 3799 293 3846 in
314 3796 428 3864 principio
453 3802 601 3865 pentametri,
652 3798 820 3862 capessendas.

104 3871 196 3922 scilicet
216 3873 302 3921 Conui.
335 3872 373 3920 lta
392 3877 494 3922 scindere
514 3893 602 3924 nomm.
684 3873 724 3921 24.
744 3873 932 3935 ratrammo]
950 3865 1054 3920 Juvenili
1069 3865 1151 3915 mode-

104 3947 142 3993 lta
152 3959 238 3993 nomen
248 3955 316 3993 tuum
326 3944 457 3994 diffindere.
652 3946 750 3996 tamine.
784 3947 970 3995 Fraenamoettn.
1001 3940 1152 4006 Tyrocinium

135 4019 161 4068 9.
181 4018 233 4073 Qua
248 4021 336 4082 syllaba
350 4029 415 4082 ports
428 4021 548 4083 mereata]
566 4021 603 4070 Ea
652 4027 676 4069 et
688 4019 807 4070 lubricum
817 4019 894 4068 atatis
904 4015 1054 4086 pullulantis.
1137 4081 1141 4088 μ

103 4100 181 4156 parte,
193 4107 242 4157 qua
252 4091 345 4157 syllaba
355 4091 506 4157 producatur.
684 4095 725 4144 26.
737 4096 798 4158 Sapo
806 4093 993 4159 tituruutfaoto
1000 4089 1064 4153 titt]
1082 4089 1151 4152 Sarpe

138 4166 175 4214 10.
193 4167 288 4215 Arctior
304 4167 435 4230 adpellem]
454 4163 563 4215 Strictim
578 4175 602 4216 et
651 4167 724 4217 etiam
745 4179 771 4218 tu
792 4166 929 4234 expunxisti
949 4167 974 4215 in
995 4165 1043 4214 tuis
1060 4161 1155 4229 scriptis

105 4239 197 4289 brevius
213 4239 341 4297 nominem,
359 4239 466 4306 ponendo
483 4239 602 4305 syllabam
652 4241 742 4306 aliqua.

751 4317 827 4366 Lrt
