2982 5118
318 373 385 438 ⁵24
615 370 654 435 P.
677 367 840 434 ovlnn
863 369 1076 438 NASONIS

323 546 476 631 Quanta
491 557 613 646 potes,
632 545 761 644 praebe
778 555 917 618 nostrae
935 557 1128 622 momenta
1145 549 1270 658 Quti,

373 661 468 748 Qum
485 663 557 738 nisi
576 672 721 736 mutato
739 661 843 735 uuila
855 658 982 735 futura
998 662 1082 737 loco
1094 675 1166 738 ost.
1322 669 1372 737 50

610 1151 938 1228 EPISTOLA
974 1153 1082 1228 XIV.

716 1337 977 1404 TUTICANO.

327 1494 426 1568 Hac
458 1493 526 1568 tibi
556 1491 769 1576 mittuntur,
802 1514 916 1589 quem
948 1514 1033 1566 sum
1062 1492 1175 1566 modo
1206 1495 1373 1568 carmine

476 1619 636 1709 questus

376 1727 413 1802 N
415 1751 464 1802 on
482 1736 614 1826 aptum
631 1724 797 1799 numeris
814 1747 952 1798 nomen
968 1723 1110 1797 habere
1128 1724 1236 1798 meis.

327 1841 373 1917 Iu
387 1843 539 1941 quibus,
553 1851 716 1939 excepto
726 1840 829 1939 quod
845 1840 966 1913 adhuc
982 1849 1176 1936 utcunque
1188 1841 1371 1927 valemus,

378 1958 455 2044 Nil,
474 1969 513 2032 te
530 1967 714 2056 praeterea
730 1957 833 2054 quod
848 1959 969 2055 juvet,
988 1955 1169 2030 iuvenies.

328 2075 420 2174 Ipsa
433 2097 586 2173 quoque
601 2085 661 2148 est
673 2073 793 2148 invisa
809 2074 929 2162 salus3
951 2083 1117 2170 suntque
1131 2072 1267 2146 ultima
1275 2083 1372 2160 vota,

377 2189 557 2274 Quolibet
574 2214 622 2264 ex
640 2189 723 2264 istis
741 2191 888 2265 scilicet
904 2191 958 2264 ire
975 2190 1083 2262 locis.
1350 2195 1374 2263 6

330 2306 448 2381 Nulla
463 2306 555 2381 mihi
573 2331 664 2380 cura
681 2320 753 2395 est,
772 2319 872 2382 terra
888 2331 1004 2404 quam
1021 2316 1144 2381 muter
1162 2317 1206 2378 ut
1221 2306 1308 2394 ista,

376 2423 461 2498 Hac
479 2424 581 2522 quia,
600 2449 716 2522 quam
732 2425 855 2509 video,
873 2424 1012 2520 gratior
1028 2423 1149 2496 omnis
1167 2423 1252 2496 erit.

328 2539 375 2615 lu
393 2540 537 2616 medias
557 2540 704 2638 Syrtes,
722 2541 885 2616 mediam
904 2562 990 2612 mea
1005 2539 1090 2612 vela
1107 2537 1332 2636 Charybdin

380 2655 536 2743 Mittite,
555 2656 731 2754 praesenti
750 2656 840 2729 dum
855 2677 1049 2728 careamus
1067 2654 1194 2726 humo.
1331 2659 1376 2726 10

332 2771 431 2872 Styx
454 2795 620 2869 quoque,
639 2773 671 2846 si
696 2773 788 2870 quid
811 2795 857 2846 ea
880 2781 951 2859 est,
969 2773 1068 2845 bene
1086 2768 1378 2843 commutabitur

480 2885 592 2974 Istro

383 3001 425 3075 Si
443 3002 535 3099 quid
552 3014 592 3077 et
609 3001 776 3091 inferius,
787 3027 903 3101 quam
922 3003 1055 3103 Styga,
1067 3001 1231 3075 mundus
1248 3001 1375 3075 habet.

333 3117 514 3192 Gramina
530 3118 655 3192 cultus
674 3142 775 3215 ager,
794 3117 911 3216 frigus
929 3118 1053 3192 minus
1070 3117 1151 3191 odit
1168 3117 1343 3204 hirundo,

382 3235 561 3308 Proxima
579 3233 790 3309 Marticolis
808 3260 923 3333 quam
940 3236 1024 3310 loca
1042 3233 1147 3308 Naso
1166 3233 1290 3308 Getis.

331 3558 436 3608 columen
455 3555 523 3622 pueri
541 3555 693 3606 Germanioi:
717 3559 831 3626 iutelligit
880 3558 1348 3625 mitius‚etmugirpropinquum1tali2.

332 3641 413 3682 autem
431 3631 560 3688 Neronem,
578 3630 684 3679 Drusum
702 3639 727 3682 et
744 3633 830 3684 Caium
912 3637 937 3683 5.
957 3633 1045 3683 Ultimo
1053 3633 1124 3696 outa]
1141 3634 1283 3697 Supremam
1291 3631 1377 3682 ‹laide-

332 3707 460 3757 osorem
881 3708 942 3757 rium
951 3723 1041 3757 meum.

365 3782 406 3830 48.
424 3778 718 3845 Quoeamsomnua]
736 3779 831 3838 Quibus
913 3784 938 3830 9.
955 3783 1017 3831 Dua
1035 3789 1090 3831 sunt
1107 3781 1188 3846 Syrte
1205 3779 1272 3846 apud
1290 3781 1377 3847 Leptim

333 3854 413 3922 pueris
446 3863 494 3902 tua
529 3853 659 3920 disciplina
690 3853 829 3912 commissis.
882 3855 994 3922 oppidum
1010 3856 1036 3904 in
1052 3865 1157 3906 extrema
1173 3853 1265 3911 Africa,
1281 3855 1379 3919 impuros

332 3928 483 3994 nugariam
494 3927 656 3978 acemsittibi.
882 3929 1053 3994 magnitudine,
1072 3929 1122 3994 pari
1142 3935 1236 3984 natura,
1255 3928 1281 3976 iu
1302 3943 1376 3992 regno,

366 4004 407 4052 49.
425 4002 560 4065 Monam]
589 4003 643 4052 Hoc
664 4011 708 4061 est,
727 4013 832 4053 nostram
882 4003 945 4068 quod
961 4002 1031 4052 hodie
1050 4002 1139 4068 Tripoli
1158 4012 1265 4060 vocatur,
1282 4019 1296 4051 a
1314 4001 1376 4066 σῦρω

333 4077 435 4126 salum
445 4076 583 4142 proviribus
591 4079 720 4128 curandam
730 4081 833 4144 suscipe.
881 4079 955 4126 traho.
986 4077 1057 4126 Sinus
1082 4076 1118 4124 illi
1138 4085 1195 4125 sunt
1214 4075 1378 4142 navigantibus

366 4153 407 4200 50.
425 4151 501 4213 Qun]
520 4149 698 4202 Scilicetsuus.
723 4153 831 4201 Nirimu·
881 4151 1080 4218 perimiiosimmi.
1113 4152 1226 4200 Esaias.

336 4235 384 4272 toto
394 4225 449 4272 loeo.
482 4221 536 4271 Nisi
547 4225 709 4275 transformia
722 4227 832 4276 exsilium
916 4223 1376 4290 la.Grmna]Herbmo'1.inuulae.
