2982 5118
247 419 318 484 Ex
341 418 504 486 ΡΟΝΤΟ
529 418 620 484 LIB.
644 417 713 484 111.
738 417 884 484 EPIST.
908 418 957 484 11.
1058 419 1124 502 tto

77 589 155 666 Lux
173 593 292 668 etiam
310 593 446 693 coeptis
464 592 579 668 facito
597 593 697 668 bona
714 592 853 667 talibus
872 592 983 680 adsit,

120 707 304 808 Horaque
322 709 561 795 conveniens
581 707 869 809 auspiciumque
883 707 1025 784 favens.
1050 709 1120 783 160

74 823 147 898 Sed
165 826 272 924 prius
290 825 468 924 imposito
486 827 626 900 sanctis
644 826 824 900 altaribus
843 823 935 921 igni,

119 939 221 1015 Tura
237 941 294 1016 ser
311 942 360 1016 ad
378 967 535 1040 magnos
550 943 711 1041 vinaque
730 965 824 1040 pura
843 941 958 1016 Deos.

72 1055 101 1128 E
119 1059 261 1155 quibus
280 1072 368 1134 ante
386 1085 517 1134 omncs
536 1059 752 1157 Augustum
770 1082 910 1132 numen
928 1057 1054 1143 adora,

119 1173 427 1273 Progeniemque
445 1176 559 1274 piam,
578 1175 878 1276 participemque
896 1174 979 1248 tori.

75 1289 158 1363 Sint
175 1291 324 1366 utinam
342 1292 452 1366 mites
470 1293 581 1366 solita
598 1289 667 1366 tibi
685 1315 800 1378 more,
819 1300 981 1387 tuasque
1051 1295 1120 1366 165

122 1405 210 1480 Non
228 1407 336 1480 duris
352 1407 540 1506 lacrymas
558 1407 722 1483 vultibus
741 1407 965 1506 adspiciunt.

388 1916 717 1992 EPISTOLA
755 1918 809 1992 Il.

498 2102 699 2168 coTTAEn

76 2237 203 2322 Quum
224 2239 321 2336 legis
340 2261 362 2313 a
379 2237 487 2312 nobis
506 2239 658 2313 missam
676 2239 758 2325 tibi,
775 2239 902 2326 Cotta,
919 2240 1093 2324 salutem,

123 2355 246 2432 Missa
263 2356 315 2430 sit
332 2367 374 2429 ut
390 2381 489 2444 vere,
507 2357 790 2457 perveniatque,
810 2380 953 2455 precor.

77 2471 252 2570 Namque
269 2473 364 2546 meis
383 2497 514 2572 sospes
532 2473 689 2546 multum
710 2473 938 2546 cruciatibus
956 2470 1093 2558 aufero,

124 2588 257 2687 thue
275 2589 365 2662 site
382 2589 491 2662 nobis
509 2611 595 2687 pars
614 2589 712 2663 bona
730 2590 844 2676 salva,
861 2588 966 2662 facis.

75 2808 142 2854 reret,
155 2799 203 2848 Nec
217 2801 328 2864 lacrymis
340 2801 450 2849 demendo
460 2817 522 2850 moro
532 2809 571 2850 ert.
622 2810 656 2850 tor
675 2803 787 2864 lacrymas
802 2809 824 2850 tt
836 2801 921 2864 fletum
943 2817 995 2850 cum
1014 2799 1120 2865 singultu

75 2872 216 2921 Scindentur
225 2889 268 2938 pro
277 2875 413 2922 scindentur
423 2889 464 2922 sex
475 2873 570 2939 scripti:
621 2878 697 2924 uidere
711 2877 812 2937 potuisti.
846 2873 932 2923 Noster
945 2873 1048 2940 denique
1057 2873 1120 2923 Met.

75 2948 185 3010 posterior
194 2963 279 2998 versus
288 2962 318 2996 er
329 2948 437 3012 Epistola
448 2947 571 3007 Brireidis,
621 2948 647 2998 ii.
657 2951 719 2998 ³40:

77 3036 121 3068 rer.
139 3022 162 3070 4.
183 3022 315 3071 conflatus:
336 3021 380 3070 Sed
400 3033 474 3072 tanen
493 3032 515 3070 ct
536 3024 570 3071 lo·
655 3023 704 3072 Nec
714 3026 789 3072 minus
802 3023 908 3072 Heliades
914 3022 997 3088 stetur,
1005 3031 1027 3071 et
1038 3022 1119 3070 inania

75 3112 153 3158 crymae
167 3099 271 3158 pondero
292 3099 350 3144 nocis
369 3097 458 3146 habent.
481 3099 572 3146 Herus.
686 3100 754 3146 morti

78 3168 156 3219 Potuit
172 3179 255 3219 tamen
271 3170 323 3219 hec
341 3186 435 3235 quoque
450 3170 571 3236 scripsisse
656 3172 764 3230 Munera,
775 3175 831 3220 dunt
844 3173 962 3234 lacrymor.

76 3241 166 3300 Noster,
187 3259 267 3309 neque
287 3245 322 3294 sic
341 3243 377 3292 bis
394 3243 455 3294 idem
475 3244 571 3293 dixisse.
815 3245 894 3294 Aucr.
905 3244 995 3294 Ecscr.
1006 3243 1084 3292 Eros.

74 3317 211 3382 Lacrynare
221 3319 287 3367 enim
296 3317 371 3382 possit
380 3316 474 3382 aliquis.
488 3317 523 3366 ite
534 3326 570 3366 ta·
657 3321 711 3370 162.
724 3322 761 3368 Ad
777 3337 869 3385 magnos
885 3317 964 3381 Deua]
983 3317 1023 3368 Ad
1034 3317 1118 3383 Augu·

75 3406 125 3438 men
135 3401 161 3439 ut
172 3393 246 3440 verba
262 3407 292 3440 ne
306 3391 474 3456 interrumpat:
494 3407 570 3457 neque
621 3401 683 3442 stum
694 3402 719 3443 et
730 3393 828 3443 Liviam.

74 3464 234 3522 omittendum,
245 3466 334 3530 fletum
349 3481 395 3513 non
412 3481 503 3532 semper
519 3481 570 3516 esee

74 3551 126 3586 rnrn
147 3541 263 3603 lacrymis,
285 3553 363 3602 oeque
386 3554 440 3588 vero
464 3539 502 3588 hic
526 3548 569 3588 est.
654 3541 669 3572 ⁸
690 3541 800 3604 Corra]
828 3541 905 3591 Cottre
924 3543 1065 3592 Messallino
1082 3544 1119 3592 M.

75 3611 159 3662 Vocem
181 3628 269 3676 nempe
291 3611 397 3676 aliquam
417 3612 570 3678 lacrymantis
621 3614 710 3666 Valerii
727 3617 838 3666 Messala
857 3617 961 3675 Corvini,
978 3619 1076 3668 oratoris
1090 3617 1119 3666 il-

74 3685 98 3734 id
114 3687 209 3736 rubum
227 3687 362 3753 significan
381 3687 450 3754 Virg.
464 3690 521 3738 AEn.
535 3689 569 3737 iii.
620 3690 666 3739 lius
678 3690 771 3746 smumi.
782 3691 840 3749 filio,
848 3693 888 3758 qui
900 3692 1025 3758 adoptione
1033 3693 1058 3742 iu
1067 3692 1119 3742 An-

74 3765 192 3812 reatm:
619 3762 702 3813 reliam
724 3773 820 3830 gentem
842 3765 989 3823 transiverat.
1013 3766 1119 3816 undeet

107 3835 171 3886 reta
184 3837 305 3903 fundebat
325 3837 462 3900 lacrymans,
483 3839 568 3902 longor-
620 3840 697 3888 Cottae
709 3857 839 3904 cognomen
850 3841 893 3890 sibi
906 3840 1013 3889 adscivit.
1039 3841 1116 3897 Quem

135 3931 176 3976 quie
185 3915 260 3962 endor
619 3923 758 3970 memorant,
769 3913 834 3964 Pers.
846 3917 895 3964 Sat.
905 3914 929 3962 ii.
941 3914 986 3972 72;
1003 3910 1117 3962 Juvenal.

107 3985 305 4051 incarmmfietur.
619 3987 669 4036 Sat.
680 3989 721 4038 vii.
731 3991 776 4050 753
795 3990 857 4038 Plio.
868 3989 945 4037 lib.x.
956 4003 1010 4052 cap.
1019 3988 1058 4034 20.

74 4059 164 4108 Phaedr.
175 4060 192 4109 i.
203 4061 252 4110 sab.
262 4060 295 4108 ix.
315 4059 394 4108 Fletus
410 4063 475 4109 edens
490 4077 571 4126 paves
651 4064 675 4110 2.
688 4063 759 4112 Mne
769 4065 799 4111 rit
809 4075 836 4112 ut
847 4061 918 4124 uera]
934 4061 1003 4108 Salus
1014 4073 1068 4108 vere
1079 4057 1116 4106 di·

73 4135 140 4194 tepus.
160 4135 218 4184 vn.
232 4135 315 4184 Flacc.
326 4133 353 4182 ii.
364 4150 414 4184 ver.
429 4135 489 4184 172:
511 4137 569 4184 Con·
619 4136 680 4185 citur
691 4135 760 4194 mitti,
772 4153 846 4200 quum
857 4137 896 4184 ille
908 4134 937 4182 ad
949 4149 1019 4198 quern
1033 4130 1115 4180 scribi·

73 4209 327 4272 denseflermncuunt.
352 4207 436 4257 Cicero
446 4225 488 4275 pro
500 4210 571 4258 Plan·
620 4227 681 4267 mus,
699 4219 762 4260 recte
775 4205 1056 4274 valet,quemadmodum
1072 4219 1114 4270 op·

73 4281 122 4328 cina
141 4282 193 4330 Non
207 4287 273 4332 modo
288 4284 498 4347 lacrymatam
511 4285 570 4332 nul·
620 4294 704 4334 tamus.

109 4355 225 4406 VOLH.
717 4357 767 4406 Ge
