3064 5104
379 349 534 418 ARTIS
557 343 825 412 AMATORIAE
848 345 939 412 LIB.
964 345 1012 412 ΙΙ.
1173 342 1219 410 37

162 523 280 609 Adde,
298 524 411 620 quod
429 533 494 596 est
511 523 584 595 iilis
601 543 758 620 operum
772 520 972 618 prudentia
986 521 1122 617 major:
1142 525 1217 594 675

211 639 323 712 Solus
340 650 396 725 et,
417 637 584 712 artifices
602 637 668 734 qui
686 634 787 720 facit,
806 659 897 708 usus
915 635 1035 710 adest.

165 753 240 826 111ae
257 753 460 828 munditiis
479 773 660 826 annorum
677 751 816 824 demna
832 751 1063 848 rependunt:

215 867 264 942 Et
280 868 429 942 faciunt
446 870 553 954 cura,
573 890 620 940 ne
638 867 833 941 videantur
850 891 957 940 anus.

172 983 295 1082 thue
311 985 422 1072 velis,
442 983 631 1057 Venerem
645 985 810 1080 jungunt
826 1007 894 1082 per
911 983 1012 1058 mille
1029 985 1180 1078 figures.

218 1099 389 1174 Inveniat
406 1100 538 1198 plures
555 1098 658 1172 nulla
673 1098 813 1172 tabella
830 1098 974 1172 modos.
1142 1103 1217 1172 680

174 1213 247 1288 lllis
264 1217 428 1290 sentitur
446 1239 523 1288 non
540 1215 683 1288 irritata
696 1216 891 1312 voluptas:

220 1330 326 1415 Quod
343 1335 467 1431 juvet,
486 1355 537 1407 ex
555 1355 664 1428 aequo
680 1331 822 1406 femina
837 1331 968 1426 virque
985 1329 1122 1403 serant:

176 1447 246 1522 Odi
261 1449 505 1534 concubitus,
523 1449 589 1545 qui
606 1471 681 1521 non
698 1459 900 1544 utmmque
918 1447 1123 1520 resolvunt:

221 1563 301 1638 Hoc
319 1577 392 1651 est,
411 1589 482 1638 cur
499 1565 606 1662 pueri
623 1575 756 1660 tangar
773 1586 900 1640 amore
918 1563 1055 1636 minus.

178 1679 245 1754 Odi
262 1681 355 1779 quae'
367 1683 529 1781 praebet,
548 1682 639 1779 quia
655 1681 705 1755 sit
721 1682 890 1778 praebere
907 1701 1080 1760 necesse;
1145 1681 1218 1750 685

221 1796 411 1894 Siccaque
427 1797 479 1870 de
496 1798 583 1869 lane
601 1795 744 1892 cogitat
760 1796 844 1892 ipsa
861 1795 941 1868 suit.

172 1909 262 1995 Quae
278 1913 393 1985 datur
411 1911 547 1997 officio,
566 1935 641 1983 non
658 1921 718 1984 est
734 1910 826 1983 mihi
843 1921 950 2006 grata
965 1911 1150 2007 voluptas.

219 2027 397 2101 Officium
416 2027 532 2101 saciat
548 2027 651 2102 nulle
667 2027 792 2125 puelle
809 2027 913 2100 mihi.

171 2141 234 2216 Me
250 2167 366 2218 voces
384 2143 517 2218 audire
531 2146 638 2241 juvar
654 2167 725 2217 sua
741 2143 879 2239 gaudia
895 2142 1036 2216 fassas:
1123 2233 1127 2242 ι

220 2257 349 2357 thue
368 2283 496 2333 morer
513 2271 665 2347 memet,
685 2261 979 2357 sustineamque,
998 2269 1117 2356 roget.
1145 2261 1220 2330 690

172 2372 391 2473 Adspiciam
409 2375 574 2448 dominae
592 2377 712 2449 victos
729 2377 889 2452 amentis
907 2377 1059 2450 ocellos.

221 2487 435 2588 Laugueet3
467 2501 506 2564 et
522 2491 625 2587 tangi
643 2515 685 2564 se
702 2503 804 2566 vetet
821 2492 885 2566 illo
901 2491 979 2565 diu.

176 2603 264 2678 Haec
282 2607 383 2680 bona
401 2630 480 2680 nou
497 2606 626 2704 primae
644 2605 775 2680 tribuit
791 2617 924 2680 natura
936 2609 1114 2703 juventae,

223 2720 314 2805 Quae
332 2723 412 2796 cito
430 2733 519 2820 post
535 2732 680 2821 septem
698 2723 816 2796 lustru
832 2721 957 2796 venire
975 2720 1109 2795 solent.
1146 2721 1218 2790 694

177 2835 246 2920 Qui
259 2847 480 2936 properant,
492 2862 587 2912 nova
600 2850 725 2913 musta
738 2839 882 2912 bibant.
902 2837 993 2910 mihi
1004 2835 1135 2908 fundat
1146 2834 1220 2907 uvi·
1318 2925 1322 2940 .

224 2951 459 3026 Consulibus
477 2953 610 3050 priscis
624 2955 776 3028 conditu
791 2964 891 3027 testa
908 2975 1064 3026 merum.
1125 2951 1222 3044 [tum

206 3290 260 3339 675.
279 3291 382 3352 Opemm
393 3290 544 3353 prudencie]
563 3290 678 3352 Scioopm
728 3290 795 3338 nihiti
806 3290 855 3338 fieri
868 3287 952 3337 audio:
970 3295 1051 3336 contra
1067 3287 1125 3336 ulios
1142 3289 1225 3352 poetas

179 3361 346 3430 iiciprtcipue
359 3363 393 3411 de
405 3363 678 3425 Venere,sedencpera
728 3379 806 3413 amare
817 3373 842 3412 et
852 3363 978 3427 suspicere.
1006 3361 1149 3408 Prscisrum
1160 3362 1224 3410 scili·

178 3435 254 3500 plurmi
270 3453 372 3486 numero
383 3443 452 3484 recte
463 3435 572 3484 dicautur
583 3435 676 3485 dubito.
727 3447 766 3485 cet
776 3437 896 3500 ingenium
906 3444 931 3484 et
938 3433 1065 3501 judicium.
1100 3431 1169 3482 Cror.

178 3509 216 3557 etsi
227 3511 378 3560 mintionem
392 3523 407 3556 a
419 3523 446 3556 re
457 3509 568 3558 castrensi
579 3525 630 3558 esse
638 3527 677 3560 ve·
760 3513 818 3560 69⁴.
837 3511 892 3565 Quoe
904 3513 949 3558 cito
958 3519 1006 3574 port
1016 3509 1118 3571 septem]
1136 3511 1161 3557 Si
1174 3517 1223 3558 taor

177 3583 343 3634 litBronkbus
364 3581 493 3631 adTibul.
506 3583 523 3630 i.
540 3584 615 3630 not.
635 3599 678 3648 ego
728 3586 793 3634 tarde
810 3585 929 3634 bomilia
945 3584 1050 3638 veniunt,
1068 3592 1091 3630 et
1107 3585 1224 3648 posticu-

174 3669 231 3709 oute
251 3660 361 3715 mallem,
384 3673 467 3706 mm
486 3661 610 3719 prudentio
630 3675 678 3708 mc·
728 3677 783 3724 gum
802 3675 881 3714 nsum,
900 3675 930 3708 an
945 3659 987 3709 ina
1004 3656 1051 3706 cito
1065 3657 1145 3706 venire
1161 3671 1226 3709 recte

169 3737 217 3796 jor.-
233 3734 267 3785 ita
277 3735 374 3801 possim
388 3739 493 3781 veteres.
526 3734 617 3781 Brun.
728 3733 939 3783 dicenturvidcsnt
951 3729 1077 3782 acutiores.
1096 3731 1152 3780 mibi
1164 3749 1226 3782 sem·

200 3809 255 3860 ωδ.
274 3811 321 3860 Odi
332 3807 485 3862 cunctabitur,
493 3811 532 3870 qui
541 3825 587 3855 non
595 3811 678 3856 utrim-
729 3825 770 3874 per
780 3809 905 3858 hievernus
915 3815 1036 3870 corruptus
1044 3805 1108 3854 visus
1118 3807 1172 3856 tuit.
1181 3824 1226 3856 nec

171 3888 347 3949 participant,
361 3881 418 3930 Hoc
427 3889 459 3929 ott
469 3884 680 3948 curpneritnngur
729 3885 815 3950 juvent
835 3884 941 3935 codices.
965 3885 1025 3933 ioue
1044 3883 1101 3936 ro
1123 3883 1168 3928 uiri
1186 3891 1233 3940 pou

170 3977 240 4010 more
252 3959 360 4024 mina]
381 3955 496 4005 Ostendit
511 3958 583 4021 poeta
594 3957 680 4010 Noster
733 3975 827 4028 septem.
843 3969 873 4009 ut
890 3964 945 4023 niti,
959 3973 1003 4027 pm
1017 3973 1063 4005 nou
1079 3955 1124 4003 nisi
1137 3953 1239 4017 positum

168 4051 190 4086 re
200 4039 228 4086 rb
239 4032 436 4101 παιδεραστεῖν
446 4038 552 4078 ’eentum
560 4047 605 4080 non
614 4045 680 4086 este:
736 4038 777 4087 sit.
790 4035 846 4085 ride
865 4049 919 4097 qun
931 4040 1041 4090 Gronov.
1056 4029 1088 4077 od
1099 4023 1153 4072 liv.
1163 4023 1243 4069 xxxiv·

167 4123 234 4178 atque
247 4109 346 4160 idcirco
360 4102 545 4170 nonnullisque
557 4105 581 4153 in
597 4104 683 4162 litteris
739 4114 780 4163 16.
796 4108 989 4176 producit,licet
1005 4108 1031 4154 io
1048 4097 1193 4166 qmbusdam
1209 4109 1249 4141 er·

165 4201 246 4238 nomen
266 4185 380 4239 babent.
400 4177 457 4228 odio
474 4195 532 4237 etse,
547 4179 637 4246 despici
656 4199 681 4240 et
738 4183 830 4252 emplis
840 4183 1084 4238 dimumcemett
1118 4169 1208 4218 5⁰¹¹·
