3020 5106
293 399 489 466 'rursum
493 401 529 466 Μ
552 399 644 466 mu.
667 399 730 464 IV.
755 397 891 466 ELEG.
915 396 958 463 V.
1086 394 1151 462 Μ

80 569 131 646 Et
147 582 288 648 tutare
309 583 427 672 caput
443 575 536 648 nulli
556 573 752 662 servabile‚
769 573 802 647 si
819 597 894 647 non

130 686 211 773 Qui
227 690 371 764 mersit
390 689 538 789 Stygia,
558 688 854 777 sublevetillud,
874 711 983 787 aqua.

78 801 232 900 Teque,
243 805 355 902 quod
369 815 428 880 est
442 830 579 896 rarum,
592 818 731 906 praesta
744 815 960 881 constanter
973 804 1021 878 ad
1036 827 1148 880 omne

129 917 396 994 Indeclinatae
414 945 552 1010 munus
571 922 757 998 amicitiae.

80 1033 145 1106 Sic
163 1045 238 1109 tua
258 1059 467 1133 processus
486 1037 625 1112 habeat
641 1037 791 1114 sortuna
807 1061 1014 1139 perennes;
1098 1039 1147 1108 25

131 1149 201 1224 Sio
220 1175 306 1249 ope
325 1175 401 1225 non
418 1175 532 1248 egeas
551 1153 645 1252 ipse,
660 1155 850 1253 juvesque
868 1165 978 1228 tuos:

82 1263 147 1340 Sic
166 1276 310 1364 aequet
328 1277 396 1340 tua
412 1279 533 1366 nupta
550 1269 670 1343 virum
688 1270 856 1345 bonitate
874 1269 1042 1369 perenni,

97 1405 102 1415 ·
132 1380 300 1457 Incidat
317 1392 358 1456 et
373 1395 498 1458 vestro
516 1408 600 1460 rara
616 1387 772 1484 querela
789 1396 895 1460 toro:

84 1494 235 1595 Diligat
254 1507 300 1572 et
319 1520 470 1596 semper
488 1500 614 1574 socius
632 1511 671 1575 te
689 1500 882 1598 sanguinis
900 1501 976 1584 illo,

133 1611 224 1698 Quo
244 1613 340 1713 pius
360 1613 510 1690 adfectu
531 1617 691 1692 Castora
706 1616 821 1691 srater
838 1626 960 1690 amat:
1098 1617 1150 1686 30

86 1727 148 1802 Sic
162 1729 343 1826 juvenis,
363 1730 574 1830 similisque
593 1732 664 1806 tibi
680 1734 731 1807 sit
747 1743 873 1820 uatus,
893 1739 933 1808 et
949 1732 1057 1806 illum

134 1845 321 1922 Moribus
340 1861 524 1943 agnoscat
541 1849 703 1948 quilibet
719 1873 805 1924 esse
823 1859 953 1924 tuum:

88 1960 150 2036 Sic
169 1986 357 2038 socerum
372 1961 487 2040 saciat
503 1966 604 2041 taeda
620 1977 659 2041 te
677 1978 767 2042 nata
779 1967 913 2064 jugali,

136 2075 222 2154 Nec
240 2078 400 2155 tardum
412 2079 544 2178 juveni
561 2081 629 2156 det
645 2082 716 2156 tibi
733 2104 868 2158 nomen
888 2082 960 2157 avi.

88 2310 206 2369 unquam
217 2306 326 2356 alteram
335 2305 464 2372 navigandi
474 2308 597 2366 rotiooeu,
645 2310 708 2376 pitor
729 2307 819 2360 coelum
840 2307 934 2356 Polluci
956 2305 1057 2356 duona
1079 2311 1170 2358 emb.

87 2386 175 2427 corvata
186 2378 318 2444 allegoria.
337 2379 405 2428 Idem
413 2381 505 2430 monuit
513 2383 597 2432 Burro.
644 2383 697 2449 ejus
708 2381 820 2449 precibus
835 2382 926 2430 lactum
941 2388 985 2436 est.
995 2389 1021 2427 ut
1031 2394 1074 2427 sex
1086 2389 1152 2423 meu-

88 2457 110 2498 et
125 2459 211 2516 prater
227 2468 259 2502 eo
276 2453 424 2512 obnmvir,
441 2463 536 2520 poetam
558 2472 594 2506 re-
643 2457 710 2506 oibuo
727 2455 814 2506 Castor
833 2454 859 2503 in
877 2453 941 2503 ereio
962 2460 1035 2510 estet,
1053 2447 1155 2498 totidem

87 2521 172 2588 spicere
179 2525 211 2575 ad
219 2525 377 2576 notissimum
388 2526 501 2594 loquendi
510 2545 593 2594 genus,
643 2531 739 2589 Pollux,
750 2529 846 2579 dicente
858 2526 961 2578 Ovidio:

86 2599 270 2649 remiserimus
282 2600 405 2666 navigare.
438 2601 498 2660 Qua
511 2619 594 2653 ouran
675 2604 772 2668 Jamque
790 2603 840 2660 tibi,
853 2601 1046 2656 Formiarum
1062 2597 1160 2648 sublim

87 2668 129 2718 deo
146 2672 252 2738 placido,
269 2689 322 2724 oon
343 2674 501 2739 procellosior
518 2685 592 2744 copul
705 2679 809 2742 potebat,

87 2743 134 2808 ejus
142 2746 243 2806 serente,
254 2747 344 2799 venire
354 2746 434 2799 debet.
451 2750 566 2799 iliam.
676 2752 754 2808 ίὶιωιιι
764 2751 915 2808 mutiunt,
925 2753 1023 2814 parcipo
1035 2749 1106 2798 umbo
1115 2765 1157 2814 po·

117 2821 156 2871 Μ.
173 2824 292 2872 Amicitia
310 2823 477 2887 monitura]
501 2823 593 2873 Amici·
709 2836 761 2874 tor:

88 2893 123 2944 tin
135 2911 181 2946 nou
192 2897 342 2954 imminutor,
353 2897 395 2946 toti
406 2897 489 2948 firmio.
677 2899 744 2954 Quod
762 2899 819 2947 mibi
836 2899 878 2946 dot
895 2898 948 2954 uni,
966 2899 1051 2946 ocium
1066 2897 1157 2956 portico

118 2971 156 3020 27.
168 2971 306 3034 Restituta]
326 2972 421 3021 Bonum
438 2981 476 3020 est
490 2971 539 3020 h.l.
550 2989 593 3022 vo·
709 2974 805 3028 duobus,
817 2971 863 3020 bre.

89 3043 205 3104 eubulum,
229 3046 311 3114 quod,
332 3054 361 3095 ul
380 3045 477 3112 ἀγαθὸς
497 3047 595 3096 Grem-
645 3047 718 3105 Quod
728 3047 784 3097 ideo
793 3045 901 3109 fingitur,
914 3041 974 3109 quia
984 3057 1066 3090 eorum
1076 3042 1153 3094 stella

90 3131 146 3176 run,
158 3137 242 3171 moneo
260 3123 314 3172 tere
324 3119 426 3168 virtutes
441 3118 597 3185 comprehun-
647 3119 720 3170 itast
731 3120 831 3176 habeut,
842 3126 869 3167 ut
879 3114 1006 3166 occidente
1022 3131 1079 3172 uua,
1089 3115 1152 3166 oria·

90 3193 130 3243 dit.
144 3211 167 3245 r.
181 3195 263 3245 Cicer.
278 3193 315 3244 iv.
332 3192 430 3242 Turoni.
448 3193 488 3242 10.
506 3202 531 3242 et
551 3192 597 3244 hoo
648 3203 687 3244 tur
705 3196 797 3253 alteru
813 3193 853 3242 vel
871 3190 930 3257 quia
949 3188 1049 3238 alternis
1069 3189 1155 3242 diebus

91 3265 364 3318 loooiunuitamorem:
377 3281 422 3315 uec
429 3265 500 3316 rideo
507 3281 599 3328 eurpo·
649 3268 740 3318 locent.
774 3265 887 3332 Hyginus
897 3261 1154 3320 scribit.Cutoremot

91 3345 154 3390 renni
164 3341 298 3408 displiceat
309 3339 420 3398 Heinsio,
428 3339 598 3389 emendaturo:
653 3340 778 3390 Pollucem
800 3337 907 3388 omnium
929 3335 1027 3384 tronum
1049 3336 1111 3386 inter
1128 3353 1154 3388 so

91 3415 126 3464 Sto
142 3427 214 3480 tonat
236 3427 282 3466 tuo
304 3425 381 3477 nupto
402 3431 469 3463 ιιιιιιιι
488 3415 602 3476 probitate
652 3413 827 3464 amantissimos
846 3411 936 3469 fuisser
952 3410 1016 3475 quod
1031 3425 1109 3475 neque
1123 3411 1154 3462 do

89 3501 211 3550 pomum,
223 3499 268 3540 aut
280 3492 361 3538 vinam
377 3489 489 3550 probitate
500 3497 600 3550 putrem·
653 3487 788 3556 principatu
799 3483 980 3540 contenderunt.
992 3499 1069 3549 neque
1080 3485 1155 3536 ullum

92 3579 138 3624 quo.
170 3563 218 3613 Sed
232 3565 343 3626 probitas
355 3560 386 3610 de
400 3561 540 3609 laminarum
556 3575 600 3626 pu·
653 3562 764 3612 remsine
775 3557 895 3608 communi
907 3557 1004 3608 consilio
1016 3567 1154 3623 gesserunt:

93 3635 171 3686 dicitis
181 3637 231 3686 iere
242 3637 348 3686 dicitur.
357 3650 381 3683 ν.
389 3637 471 3684 Burru-
488 3635 602 3684 Hanno.
653 3651 696 3700 pro
704 3635 793 3700 quibus
800 3633 884 3682 officiis
891 3647 932 3681 eoo
942 3631 1036 3697 Jupiter
1043 3631 1105 3682 iuter
1114 3649 1155 3682 no-

122 3711 161 3760 29.
177 3711 259 3760 Socim
270 3708 418 3774 ungaricis]
434 3707 516 3756 Frater
528 3715 592 3756 tuus.
654 3707 745 3759 tissima
755 3705 834 3756 sidera
844 3706 974 3756 constituit.

123 3785 163 3836 ³0.
177 3784 291 3849 Prolem]
312 3782 411 3832 Pollux.
427 3782 458 3830 Et
469 3796 544 3846 quum
555 3783 570 3832 J
574 3797 601 3830 ιι-
