3020 5106
371 343 437 410 8oe
663 343 703 409 Ρ.
726 339 887 408 ovtnn
911 339 1121 408 NASONIS

375 517 440 590 Sic
456 539 539 612 ego,
560 515 787 590 Sarmaticas
804 515 914 611 longe
931 515 1121 614 proJ‘ectus
1138 515 1177 589 in
1194 539 1293 604 oras,

424 629 555 705 Efficio
571 631 727 706 tacitum
745 654 793 704 ne
810 631 901 704 mibi
918 630 1029 705 sunus
1047 641 1123 704 eat.

375 745 539 820 Delicias
556 747 588 820 si
605 746 703 844 quis,
722 746 934 846 lascivaque
952 748 1117 821 carmina
1130 749 1279 845 quaerit,
1365 753 1409 820 15
1498 761 1499 798 ³

421 859 641 936 Praemoneo
658 885 848 960 nunquam
866 861 1007 962 scripta
1024 863 1127 960 quod
1144 863 1217 937 ista
1232 863 1347 958 legat.

371 977 505 1077 Aptior
521 977 608 1052 buic
621 977 767 1066 Gallus,
786 978 990 1075 blandique
1008 979 1227 1077 Propertius
1244 976 1334 1064 oris,

421 1094 566 1193 Aptior,
585 1093 775 1191 ingenium
791 1119 911 1182 corne,
929 1093 1101 1167 Tibullus
1118 1093 1202 1168 erit.

372 1207 499 1307 Atque
516 1209 659 1284 utinam
677 1233 830 1286 numero
847 1235 895 1285 ne
913 1233 982 1283 nos
996 1233 1164 1283 essemus
1180 1208 1220 1282 in
1236 1207 1333 1282 isto!

422 1324 507 1400 Heu
518 1323 627 1398 mihil
643 1349 709 1398 cur
720 1349 885 1423 unquam
899 1324 1012 1398 Musa
1023 1326 1151 1422 jocata
1161 1348 1245 1400 mea
1255 1325 1341 1398 est?
1358 1330 1409 1396 20

372 1439 449 1516 Sed
467 1440 638 1515 dedimus
660 1464 813 1538 poenas;
844 1440 1091 1539 Scythicique
1107 1441 1145 1512 in
1162 1439 1300 1514 linibus
1320 1438 1409 1513 lstri

420 1555 491 1632 Ille
507 1556 709 1656 pharetrati
725 1558 828 1633 lusor
844 1557 992 1632 Amoris
1010 1558 1128 1631 abest.

371 1671 481 1758 Quod
500 1685 683 1771 superest,
702 1674 844 1748 animos
862 1675 911 1749 ad
928 1673 1079 1772 publica
1096 1671 1261 1745 carmina
1277 1669 1380 1757 flexi,

421 1786 473 1862 Et
487 1813 671 1863 memores
685 1790 781 1888 jussi
799 1791 959 1866 nominis
976 1815 1059 1865 esse
1078 1790 1148 1862 sui.

372 1902 414 1974 Si
430 1913 558 1977 tamen
575 1927 597 1978 e
613 1905 718 1978 vobis
737 1905 885 2003 aliquis,
905 1916 982 1979 tam
1000 1905 1129 1992 multa,
1149 1904 1328 2001 requiret,
1355 1908 1404 1976 25

421 2015 533 2092 Undo
549 2019 712 2094 dolenda
727 2043 881 2110 canaam
910 2021 1028 2094 multa
1043 2020 1205 2094 dolenda
1220 2018 1303 2093 tuli.

370 2131 406 2206 N
409 2157 457 2206 on
474 2131 555 2206 haec
572 2133 733 2231 ingenio,
748 2158 822 2208 non
840 2137 920 2210 baeo
938 2135 1197 2234 componimus
1215 2145 1316 2224 arte;

418 2245 580 2322 Materia
596 2258 656 2322 est
671 2249 830 2347 propriis
846 2249 1040 2346 ingeniosa
1056 2248 1177 2322 malis.

369 2363 420 2438 Et
435 2377 552 2462 quota
566 2365 722 2440 fortunae
740 2389 826 2463 pars
844 2377 902 2440 est
920 2367 957 2439 in
974 2365 1137 2440 carmine
1155 2365 1319 2438 nostrael

419 2479 538 2570 Felix,
554 2481 619 2579 qui
636 2480 788 2579 patitur,
807 2506 892 2580 quae
910 2505 1103 2556 numerare
1122 2480 1240 2554 valet!
1355 2485 1404 2554 30

369 2595 472 2680 Quot
487 2596 640 2672 frutices
658 2597 773 2683 silvae,
793 2609 887 2698 quot
903 2597 1021 2672 flavus
1038 2596 1175 2694 Tybris
1193 2619 1341 2682 arenas

417 2709 549 2786 Mollia
565 2722 658 2810 quot
675 2709 809 2786 Martis
826 2714 993 2810 gramina
1009 2735 1165 2810 campus
1183 2712 1321 2800 babet;

367 2827 440 2902 Tot
456 2829 554 2903 mala
570 2828 810 2927 pertulimus:
838 2854 995 2927 quorum
1012 2827 1200 2902 medicina
1217 2827 1404 2928 quiesque

418 2942 544 3030 Nulla,
562 2943 634 3018 nisi
651 2943 690 3017 in
706 2945 842 3030 studio,
857 2943 1126 3040 Pieridumque
1144 2964 1249 3015 mora
1266 2953 1339 3016 est.

400 3257 440 3305 14.
451 3255 487 3303 Ne
495 3255 594 3321 sunu]
614 3257 653 3307 Ne
670 3258 782 3322 relegatio
794 3275 858 3308 mee.
908 3259 1054 3308 communis:
1073 3265 1115 3308 aut
1127 3258 1208 3314 etiem,
1218 3271 1273 3322 qna
1285 3265 1403 3324 routper-

369 3329 591 3381 Eotmtbitccr'turr.
616 3330 858 3397 Amerilentioprte-
907 3331 1123 3398 petuaetetabilir.
1146 3331 1259 3380 fliam.

367 3411 475 3452 terettur.
500 3403 594 3461 Velm
612 3404 680 3470 quari
695 3420 786 3454 mmmo
803 3421 858 3455 curn
940 3405 1096 3468 81.Flruct.]
1117 3405 1173 3454 be.
1187 3407 1267 3454 minue
1283 3405 1402 3473 limpidn.

365 3475 532 3526 cilentiodiem
542 3493 621 3528 meum
632 3479 724 3528 obeam.
748 3479 820 3528 Mra.
910 3479 965 3529 Peri
984 3478 1054 3529 modo
1075 3478 1148 3528 Ouid.
1161 3479 1264 3528 Metam.
1281 3481 1331 3529 xiv.
1345 3481 1402 3530 447.

400 3553 438 3601 16.
451 3553 598 3618 Verpoorten
612 3552 646 3602 ite
659 3552 781 3619 erponit“
794 3553 858 3603 Prae-
907 3553 995 3602 flumen
1016 3569 1109 3618 quoque
1132 3551 1241 3618 rapidum
1266 3560 1402 3618 torrensque

365 3643 441 3676 meo
461 3636 491 3682 te,
512 3626 594 3684 lector,
614 3626 631 3677 i.
642 3642 664 3676 e.
685 3625 788 3692 predico
805 3627 857 3687 tibi,
906 3626 1039 3676 nominatur
1041 3629 1142 3693 mm.
1165 3627 1279 3676 Hennes.

364 3703 423 3764 quod
432 3702 556 3764 nomo.qui
567 3701 650 3750 bedec
659 3703 762 3750 comino
769 3705 858 3766 querit,
939 3701 979 3749 ³2.
991 3699 1071 3749 Mollia
1090 3699 1301 3764 prot.]1.eidensir
1316 3697 1401 3757 codex,

365 3777 434 3840 legat,
448 3773 566 3838 (leonum
581 3772 620 3830 eit,
635 3775 713 3840 legero
728 3775 803 3825 solen
817 3786 858 3826 aut
906 3776 981 3823 millio
988 3792 997 3833 ‚·
1014 3773 1055 3823 red
1069 3775 1143 3831 molle,
1155 3773 1275 3838 proprium
1289 3772 1402 3836 meminis

364 3848 451 3898 debent
462 3855 487 3896 ut
496 3846 558 3897 inira
568 3849 649 3910 alo.)
658 3853 805 3913 ariptoirto,
815 3851 857 3901 red
906 3847 1034 3914 epitheton,
1050 3847 1109 3897 lacit
1123 3853 1151 3896 nl
1168 3845 1203 3894 nil
1218 3853 1321 3894 mutem:
1338 3843 1403 3895 intre

364 3921 443 3988 potius
460 3919 556 3968 Guttae·
574 3930 614 3970 aut
633 3922 785 3984 Propertium.
817 3923 856 3972 sie
905 3920 1013 3986 Elegdv.
1024 3921 1403 3983 venamperrmunpmr·

363 3994 422 4044 nibil
431 3993 475 4044 erit
482 4010 528 4043 nou
535 3994 731 4046 ammonamfl’
745 3997 857 4047 lirense.
907 3995 1037 4054 Granim
1054 3994 1088 4048 ite
1097 3997 1183 4058 pabule
1196 3995 1274 4042 mollio
1287 3994 1312 4043 lu
1321 3991 1402 4050 lbide,

395 4067 856 4133 mepritrdbetingularibuanon
905 4085 954 4118 ver.
966 4069 1028 4128 1³75
1046 4068 1176 4135 etpurim.
1197 4065 1290 4117 num

363 4140 508 4206 vulgaribus.
516 4149 540 4190 et
551 4157 603 4206 que
614 4156 668 4190 cnm
679 4139 734 4190 eliis
744 4157 790 4191 nou
800 4149 856 4191 eunt
