3020 5106
266 398 500 468 sarsurus
524 379 615 468 irs.
640 399 704 466 ιν.
727 397 865 468 nuno.
888 401 939 468 x.
1062 405 1130 474 aaa

63 574 261 650 Carmina
278 599 396 673 quum
413 573 576 674 primum
594 575 735 674 populo
746 575 929 672 juvenilia
946 577 1034 674 legi,

123 689 261 768 Barba
276 703 425 768 resecta
440 691 532 766 mibi
550 691 655 766 bisve
673 691 836 766 semelve
853 690 947 768 fuit:

65 803 258 895 Moverat,
271 806 477 904 ingenium,
495 815 614 882 totam
631 816 785 882 cantata
801 829 870 906 per
886 809 1032 898 urbem,

124 921 295 998 Nomine
313 947 388 998 non
405 945 494 996 vero
510 921 614 997 diota
632 920 799 996 Corinna
816 921 921 997 mihi.
1078 930 1129 1002 60

66 1034 204 1112 Multa
220 1039 377 1136 quidem
395 1035 551 1137 scripsi:
581 1036 649 1111 sed
667 1061 754 1134 quoe
772 1037 908 1114 vitiosa
924 1041 1067 1138 putavi,

125 1152 399 1230 Emendaturis
416 1153 567 1250 ignibus
585 1153 668 1252 ipse
685 1153 796 1228 dedi:
895 1151 899 1160 ’

67 1267 174 1344 Tum
201 1295 370 1370 quoque,
396 1293 514 1369 quum
535 1270 717 1366 sugerem,
739 1270 915 1368 quaedam
942 1273 1130 1371 placitura

126 1384 254 1459 Iratus
273 1385 399 1461 studio
416 1385 723 1484 carminibusque
741 1385 848 1460 meis.
934 1389 1127 1483 [cremavi

70 1499 209 1590 Molle,
232 1502 458 1602 Cupidineis
476 1527 547 1578 nee
565 1501 860 1601 inexpugnabile
876 1503 962 1576 telis
989 1559 993 1568 .
1077 1511 1127 1580 65

125 1617 204 1691 Cor
222 1617 329 1706 mihi,
348 1619 530 1716 quodque
547 1617 639 1692 levis
657 1640 773 1692 eausa
789 1627 969 1704 moveret,
988 1627 1080 1694 erat.

73 1731 203 1817 Quum
230 1744 359 1809 tamen
382 1735 455 1808 boc
481 1757 619 1819 essem,
643 1732 875 1831 minimoque
902 1736 1130 1812 accenderer
1187 1721 1190 1734 ’

126 1848 296 1924 Nomine
313 1851 386 1924 sub
400 1860 527 1924 nostro
545 1849 674 1923 fabula
691 1849 796 1922 nulla
811 1849 895 1924 fuit.
1019 1852 1126 1950 [igni

75 1961 193 2039 Paene
211 1965 307 2040 mihi
325 1987 443 2064 puero
460 1989 531 2040 nec
548 1963 675 2060 digua,
694 1989 765 2039 nec
784 1965 886 2039 utilis
903 1990 999 2041 uxor

127 2081 200 2156 Est
216 2080 331 2170 data3
360 2104 446 2178 quae
461 2091 612 2178 tempus
630 2080 811 2178 perbreve
829 2092 949 2180 nupta
965 2082 1055 2159 fuit:
1080 2091 1129 2158 70

77 2197 139 2272 Illi
157 2196 360 2286 suecessit,
379 2197 552 2296 quamvis
570 2197 652 2270 sine
667 2195 835 2284 erimine,
854 2200 1016 2296 eonjux3
1198 2185 1203 2202 ’

127 2313 217 2392 Non
234 2323 366 2390 tamen
382 2314 421 2388 in
438 2324 567 2388 nostro
583 2312 692 2388 firma
707 2311 834 2387 futura
850 2323 955 2388 toro:

81 2429 238 2520 Ultima,
259 2455 348 2529 quae
365 2454 514 2504 meeum
532 2453 636 2504 seros
655 2428 862 2528 permansit
878 2429 916 2502 in
935 2453 1065 2519 annos,

128 2545 324 2622 Sustinuit
340 2547 480 2644 conjux
499 2545 641 2620 exsulis
660 2568 744 2626 esse
761 2543 842 2620 viri.

80 2661 175 2738 Filia
190 2687 255 2738 me
273 2662 397 2762 prima
413 2685 499 2736 mea
515 2660 574 2735 bis
591 2659 768 2734 loeeunda
781 2661 949 2756 juventa,
1080 2669 1128 2738 75

130 2781 208 2855 Sed
227 2803 307 2854 non
324 2803 374 2853 ex
391 2803 466 2854 uno
483 2778 657 2874 conjuge,
677 2773 768 2853 fecit
785 2799 908 2850 avum.

79 2891 131 2970 Et
142 2898 222 2995 jam
241 2895 452 2994 complerat
469 2893 616 2991 genitor
634 2915 704 2965 suo
720 2891 811 2979 sata,
830 2915 1043 2992 novemque

129 3011 344 3087 Addiderat
360 3010 489 3085 lustris
508 3009 627 3084 altera
643 3007 763 3082 lustra
779 3030 926 3081 novem.

83 3125 168 3203 Non
186 3130 299 3203 aliter
314 3127 415 3216 flevi,
435 3149 550 3224 quam
568 3149 629 3199 me
646 3123 802 3198 fleturus
821 3123 1012 3197 ademtam

131 3245 201 3322 llle
218 3244 313 3332 suit;
343 3243 452 3317 matri
470 3241 642 3340 proxima
655 3241 760 3337 justa
777 3237 889 3312 tuli..
1080 3244 1131 3314 80
1215 3259 1219 3272 ·
1319 3209 1325 3218 i

112 3465 151 3514 60.
171 3461 299 3526 corbum]
318 3461 344 3510 b.
354 3477 376 3511 s.
390 3475 486 3510 carmen
500 3473 580 3508 meum
631 3454 817 3522 quamprimum
832 3469 928 3503 uxorem
944 3453 1049 3504 duceret.
1083 3453 1132 3506 Nec

82 3539 109 3588 de
127 3539 241 3596 Corinna,
265 3553 320 3602 qua
342 3535 453 3584 Οοιατει
470 3531 581 3598 quadarn
630 3533 710 3596 dignu,
729 3548 770 3580 uec
789 3529 854 3578 utilis
874 3545 940 3578 uxor.
972 3528 1030 3578 Tres
1047 3545 1132 3580 uxores

81 3614 243 3678 puelleluisse
253 3609 354 3660 dieiruu
387 3609 499 3658 Hirrum.
630 3603 732 3653 subinde
740 3601 816 3652 duxit.
842 3601 904 3652 Cum
913 3601 1007 3651 duabus
1015 3601 1133 3667 prioribus

109 3689 149 3739 63.
166 3682 383 3751 Qummfngerem]
400 3685 480 3742 Quum
496 3679 522 3728 in
539 3695 579 3730 ex·
630 3675 688 3726 tecit
698 3675 839 3726 divortium:
859 3692 914 3726 cum
929 3673 1052 3725 terliadiu
1064 3675 1133 3734 vixit.

80 3763 153 3814 tilium
163 3761 339 3830 proficiscerer.
630 3765 684 3815 que
695 3748 802 3799 exsulem
812 3765 859 3798 non
866 3749 969 3798 erubuit.
1004 3747 1083 3798 Pour.

109 3841 148 3888 68.
165 3838 268 3887 Nomine
279 3835 321 3884 sub
333 3831 503 3897 metrosabirln
514 3830 581 3878 nulla
664 3825 704 3874 75.
722 3823 785 3886 Filio
801 3841 836 3872 m
855 3842 903 3874 men
920 3825 951 3872 bis
966 3823 1065 3888 prima]
1085 3823 1130 3874 Pe-

74 3911 143 3978 suir.]
158 3912 213 3960 Hoc
222 3907 287 3958 dicit
297 3925 302 3953 ι
316 3905 382 3956 nulla
390 3919 495 3970 unquam
505 3903 534 3952 de
543 3917 581 3952 me
631 3897 695 3946 rilla.

81 3986 121 4035 full
135 3985 230 4040 stbulssv
246 3980 287 4031 vel
306 3996 384 4030 mmm
401 3979 464 4028 ⁰¹11ss
480 3977 581 4034 fliuisslern
663 3983 703 4030 78.
722 3979 848 4044 illusamque
860 3979 987 4027 Addiderat
1001 3979 1079 4026 lustris
1094 3979 1129 4026 ul·
1215 3973 1222 3984 '

80 4060 138 4124 quod
148 4067 250 4110 notai-¹²⁸
260 4053 346 4104 fuerim
357 4051 462 4102 infamia·
494 4051 566 4100 Μῑῑῑ·
630 4065 680 4104 tero
692 4058 766 4104 lustru
776 4052 877 4115 nouam]
898 4052 950 4100 Hoc
961 4061 1005 4107 est,
1015 4049 1046 4098 ad
1055 4065 1129 4096 nona-

108 4136 149 4184 69.
168 4135 242 4182 Pena
254 4130 313 4180 mihi
325 4127 418 4191 petru]
438 4125 487 4176 Vix
503 4125 582 4191 pueri·
630 4131 746 4197 gesimam
756 4144 845 4178 annum
855 4133 1003 4193 perveneni-

80 4208 133 4258 un
150 4222 261 4276 οςτωο.
276 4203 333 4254 wil·
353 4217 416 4254 mo
431 4199 525 4252 circiter
544 4201 582 4258 16,
663 4205 705 4254 ao,
724 4204 799 4252 Mam
815 4202 916 4264 prosim
934 4201 999 4248 lusu
1015 4193 1081 4257 tud]
1098 4193 1130 4246 lu
1174 4207 1176 4212 ¹
