3042 5130
326 515 507 616 Phyllida
525 514 774 652 Demophoon
791 543 958 618 praeseus
976 525 1208 604 moderatius
1224 533 1339 608 ussit:

377 631 530 707 Exarsit
546 635 639 709 velis
656 636 780 710 acrius
796 637 861 711 illa
877 639 989 714 datis.

325 749 563 850 [Penelopen
582 753 719 827 absens
736 754 867 829 sollers
883 758 1087 854 torquebat
1105 759 1265 838 Ulixes.
1296 769 1364 840 355

377 869 620 970 Phyllacides
638 873 780 958 aberat,
800 871 1016 961 Laodamia,
1034 877 1157 972 tuus]

327 985 406 1062 Sed
425 1011 530 1062 mora
544 997 626 1062 tuta
644 987 789 1062 brevis:
817 989 1032 1064 lentescunt
1047 1003 1220 1091 tempore
1237 1019 1353 1084 curre3

373 1101 630 1201 Vanescitque
648 1103 797 1190 absens,
816 1115 856 1178 55
873 1128 990 1179 novus
1008 1107 1133 1194 intrat,
1153 1133 1272 1185 amor.

327 1215 429 1292 Dum
448 1219 647 1294 Menelaus
664 1219 786 1306 abest,
807 1217 953 1294 Helene
971 1246 1018 1296 55
1036 1225 1117 1297 sola
1128 1227 1288 1321 jaceret,

374 1333 545 1437 Hospitis
562 1347 621 1412 est
636 1335 766 1434 tepido
783 1345 893 1410 noete
911 1350 1064 1437 recepta
1080 1341 1178 1414 sinu.
1295 1348 1363 1418 360

327 1449 401 1538 Qui
420 1464 551 1553 stupor
567 1453 642 1541 hic,
662 1452 847 1538 Menelae,
867 1451 962 1527 15151
987 1463 1030 1528 tu
1047 1455 1150 1529 solus
1166 1457 1321 1534 abibas:
1488 1453 1489 1456 '

377 1567 506 1645 Isdem
524 1570 596 1644 sub
613 1568 725 1644 tectis
742 1569 882 1666 hospes
899 1579 938 1643 et
954 1591 1050 1642 uxor
1065 1581 1185 1644 erant.
1487 1603 1493 1836 p

322 339 368 408 20
616 343 656 408 P.
679 343 842 412 ovum
866 347 1080 420 NASONIS
1469 210 1483 659 'p

327 1683 509 1784 Accipitri
527 1684 679 1758 timidas
697 1683 832 1770 credis,
852 1683 1003 1769 furiose,
1022 1683 1248 1760 columbas?

375 1798 538 1874 Plenum
556 1809 733 1874 montano
751 1799 873 1873 credis
890 1799 986 1874 ovile
1003 1799 1121 1900 lupol

327 1913 392 1990 Nil
406 1915 552 1992 Helene
565 1926 719 2016 peccat;
749 1915 800 1988 nil
814 1917 875 1990 hlc
887 1915 1089 1990 committit
1102 1917 1268 1992 adulter:
1297 1924 1367 1994 365

255 2055 262 2072 ·
378 2031 489 2118 Quod
507 2043 561 2120 tu,
582 2032 683 2131 quod
700 2030 842 2107 faceret
858 2030 1030 2128 quilibet,
1050 2031 1112 2106 ille
1130 2030 1233 2106 facit.

329 2145 446 2244 Cogis
465 2147 702 2234 adulterium,
721 2147 847 2221 dando
864 2155 1092 2244 tempusque
1109 2146 1325 2246 locumque.

377 2262 475 2352 Quo,
495 2265 565 2338 nisi
583 2263 740 2339 consilio
758 2272 817 2338 est
832 2285 903 2336 usa
918 2262 1045 2361 puella
1061 2264 1153 2338 tuo?

326 2377 428 2466 Quid
438 2380 574 2456 saciat?
585 2381 642 2456 vir
651 2381 772 2468 abest,
784 2390 824 2455 55
833 2379 942 2454 551555
951 2402 1026 2452 non
1036 2379 1199 2454 rusticus
1209 2379 1368 2481 hospes:

377 2493 429 2574 Et
444 2498 553 2574 timet
570 2497 608 2572 in
625 2519 744 2572 vacuo
762 2495 844 2570 sola
859 2495 999 2569 cubare
1014 2505 1109 2569 toro.
1298 2503 1371 2572 370

325 2611 473 2690 Viderit
489 2613 664 2691 Atrides:
692 2611 866 2689 Helenen
883 2635 954 2708 ego
972 2611 1127 2686 crimine
1143 2615 1261 2689 solvo.

376 2729 458 2808 Usa
474 2741 534 2807 est
550 2730 703 2809 humani
720 2727 989 2804 commoditate
1005 2728 1086 2802 viri.

327 2847 404 2924 Sed
423 2871 548 2945 neque
564 2845 688 2920 fulvus
705 2869 797 2945 aper
813 2845 939 2919 media
957 2855 1035 2918 tam
1052 2868 1172 2918 savus
1190 2845 1229 2917 in
1248 2847 1316 2933 ira,

376 2961 572 3038 Fulmineo
589 2962 739 3036 rabidos
757 2985 845 3036 cum
862 2971 961 3035 rotat
978 2985 1042 3036 ore
1058 2983 1197 3035 canes:

327 3075 363 3152 N
365 3101 410 3152 ec
427 3077 498 3164 lea,
517 3100 605 3150 cum
622 3075 757 3151 catulis
774 3077 1002 3151 lactentibus
1020 3077 1137 3150 ubera
1152 3077 1322 3175 praebet:

378 3191 414 3268 N
417 3217 461 3270 ec
479 3191 629 3268 brevis'
620 3216 750 3308 ignaro
767 3193 897 3292 vipera
912 3193 1003 3266 laesa
1020 3192 1142 3291 pede:
1296 3199 1371 3268 376

328 3291 485 3368 Femina
502 3315 629 3426 quam,
649 3293 740 3368 socir
731 3293 944 3426 deprensa
961 3293 1096 3392 pellice
1112 3291 1214 3377 lecti,

376 3407 519 3499 Ardet;
549 3421 588 3486 et
604 3410 643 3485 iu
659 3411 818 3486 vultu'
781 3435 939 3511 pignora
955 3409 1091 3484 mentis
1109 3408 1235 3482 habet.

359 3699 417 3750 1155.
431 3685 663 3764 padomum]
678 3699 745 3748 Prior
753 3701 825 3750 Men·
875 3701 929 3756 snit,
942 3707 1074 3764 regnaret.
1108 3699 1142 3748 At
1151 3715 1195 3764 ego
1209 3699 1240 3747 ah
1251 3715 1297 3748 avo
1307 3700 1372 3765 Phy-
1492 3721 1493 3746 r

326 3773 377 3824 55111
396 3773 441 3823 hoc
459 3773 577 3825 dhuchon
599 3791 646 3824 uon
665 3773 781 3838 55555515.
799 3783 823 3824 55
873 3774 927 3823 laco
947 3773 1037 3823 dictum
1058 3773 1133 3836 magis
1153 3782 1219 3838 puto.
1240 3773 1286 3824 luit
1307 3775 1371 3824 enim

327 3847 410 3898 5155555
420 3853 497 3912 poten
507 3847 574 3897 salrt
588 3847 698 3898 orationis
708 3846 777 3898 serie.
787 3857 823 3898 ert
874 3847 994 3913 Phylacen
1012 3855 1079 3912 pater
1098 3846 1193 3913 Iphicli,
1209 3856 1236 3896 ut
1251 3856 1277 3896 et
1298 3849 1372 3898 ceteri

327 3919 598 3984 tnimlrlgidiuroulum.
630 3921 722 3970 115555.
874 3921 1011 3971 0555555555
1019 3920 1231 3970 Grammaticorum
1240 3921 1371 3979 tradidere,

358 3994 416 4046 ³66.
429 3993 667 4058 Phyloelduabrrut.]
681 3994 823 4058 thymum
873 4003 898 4044 et
920 3995 1058 4045 5555551555
1076 3995 1101 4043 15
1121 3995 1245 4061 Catalogu.
1273 3997 1373 4046 Mrcrn.

326 4069 360 4121 ait
371 4069 467 4120 Merula
477 4070 507 4120 ab
519 4083 548 4120 eo
560 4068 639 4120 vocari
654 4067 820 4126 Protesilaum,
873 4066 923 4118 rid.
935 4068 966 4118 ad
975 4069 1051 4136 Epist.
1061 4068 1111 4118 xiii.
1121 4070 1164 4118 35.

325 4143 388 4212 quod
407 4141 530 4210 Phylace,
547 4159 601 4210 qua
620 4143 677 4194 urb·
692 4142 821 4193 Thessalia
