<?xml version="1.0" encoding="UTF-8"?>
<!DOCTYPE html PUBLIC "-//W3C//DTD XHTML 1.0 Transitional//EN"
    "http://www.w3.org/TR/xhtml1/DTD/xhtml1-transitional.dtd">
<html xmlns="http://www.w3.org/1999/xhtml" xml:lang="en" lang="en">
 <head>
  <title>
</title>
<meta http-equiv="Content-Type" content="text/html;charset=utf-8" />
  <meta name='ocr-system' content='tesseract 3.04.00' />
  <meta name='ocr-capabilities' content='ocr_page ocr_carea ocr_par ocr_line ocrx_word'/>
</head>
<body>
  <div class='ocr_page' id='page_1' title='image "./povidiinasoniso09burmgoog_0457.png"; bbox 0 0 2982 5118; ppageno 0'>
   <div class='ocr_carea' id='block_1_1' title="bbox 244 403 1128 484">
    <p class='ocr_par' dir='ltr' id='par_1_1' title="bbox 244 403 1128 484">
     <span class='ocr_line' id='line_1_1' title="bbox 244 403 1128 484; baseline 0.003 -12"><span class='ocrx_word' id='word_1_1' title='bbox 244 405 316 472; x_wconf 85' lang='lat' dir='ltr'><strong>EX</strong></span> <span class='ocrx_word' id='word_1_2' title='bbox 339 403 500 475; x_wconf 75' lang='lat' dir='ltr'>PONTO</span> <span class='ocrx_word' id='word_1_3' title='bbox 524 403 616 471; x_wconf 76' lang='grc' dir='ltr'><strong>ΠΒ.</strong></span> <span class='ocrx_word' id='word_1_4' title='bbox 640 403 704 472; x_wconf 87' lang='lat' dir='ltr'><strong>IV.</strong></span> <span class='ocrx_word' id='word_1_5' title='bbox 725 403 872 472; x_wconf 77' lang='lat' dir='ltr'><strong>EPIs&#39;r.</strong></span> <span class='ocrx_word' id='word_1_6' title='bbox 895 405 965 474; x_wconf 85' lang='lat' dir='ltr'><strong>lx.</strong></span> <span class='ocrx_word' id='word_1_7' title='bbox 1061 413 1128 484; x_wconf 55' lang='grc' dir='ltr'><strong>δοῖ</strong></span> 
     </span>
    </p>
   </div>
   <div class='ocr_carea' id='block_1_2' title="bbox 88 578 1129 2530">
    <p class='ocr_par' dir='ltr' id='par_1_2' title="bbox 90 578 1034 796">
     <span class='ocr_line' id='line_1_2' title="bbox 90 578 1034 680; baseline 0.004 -26"><span class='ocrx_word' id='word_1_8' title='bbox 90 578 178 656; x_wconf 75' lang='lat' dir='ltr'><strong>Hoec</strong></span> <span class='ocrx_word' id='word_1_9' title='bbox 196 581 312 656; x_wconf 89' lang='lat' dir='ltr'><strong>modo</strong></span> <span class='ocrx_word' id='word_1_10' title='bbox 329 589 367 656; x_wconf 90' lang='lat' dir='ltr'><strong>te</strong></span> <span class='ocrx_word' id='word_1_11' title='bbox 384 579 525 680; x_wconf 88' lang='lat' dir='ltr'><strong>populo</strong></span> <span class='ocrx_word' id='word_1_12' title='bbox 543 580 764 656; x_wconf 73' lang='lat' dir='ltr'><strong>reddentem</strong></span> <span class='ocrx_word' id='word_1_13' title='bbox 775 581 864 678; x_wconf 86' lang='lat' dir='ltr'><strong>jura</strong></span> <span class='ocrx_word' id='word_1_14' title='bbox 879 581 1034 672; x_wconf 87' lang='lat' dir='ltr'><strong>videbit,</strong></span> 
     </span>
     <span class='ocr_line' id='line_1_3' title="bbox 134 695 827 796; baseline 0.003 -26"><span class='ocrx_word' id='word_1_15' title='bbox 134 697 185 771; x_wconf 88' lang='lat' dir='ltr'><strong>Et</strong></span> <span class='ocrx_word' id='word_1_16' title='bbox 202 722 246 773; x_wconf 90' lang='lat' dir='ltr'><strong>se</strong></span> <span class='ocrx_word' id='word_1_17' title='bbox 264 695 419 774; x_wconf 90' lang='lat' dir='ltr'><strong>secretis</strong></span> <span class='ocrx_word' id='word_1_18' title='bbox 436 697 554 796; x_wconf 86' lang='lat' dir='ltr'><strong>finget</strong></span> <span class='ocrx_word' id='word_1_19' title='bbox 570 697 705 772; x_wconf 84' lang='lat' dir='ltr'><strong>adesse</strong></span> <span class='ocrx_word' id='word_1_20' title='bbox 721 697 827 772; x_wconf 89' lang='lat' dir='ltr'><strong>locis.</strong></span> 
     </span>
    </p>

    <p class='ocr_par' dir='ltr' id='par_1_3' title="bbox 90 811 1128 1020">
     <span class='ocr_line' id='line_1_4' title="bbox 90 811 1128 913; baseline 0.003 -25"><span class='ocrx_word' id='word_1_21' title='bbox 90 813 198 890; x_wconf 90' lang='lat' dir='ltr'><strong>Nunc</strong></span> <span class='ocrx_word' id='word_1_22' title='bbox 216 815 319 912; x_wconf 82' lang='lat' dir='ltr'><strong>longi</strong></span> <span class='ocrx_word' id='word_1_23' title='bbox 337 815 480 891; x_wconf 87' lang='lat' dir='ltr'><strong>reditus</strong></span> <span class='ocrx_word' id='word_1_24' title='bbox 496 814 615 889; x_wconf 77' lang='lat' dir='ltr'><strong>haste</strong></span> <span class='ocrx_word' id='word_1_25' title='bbox 633 837 846 913; x_wconf 84' lang='lat' dir='ltr'><strong>supponere</strong></span> <span class='ocrx_word' id='word_1_26' title='bbox 863 811 971 888; x_wconf 84' lang='lat' dir='ltr'>lustri</span> <span class='ocrx_word' id='word_1_27' title='bbox 1079 820 1128 892; x_wconf 84' lang='grc'><strong>45</strong></span> 
     </span>
     <span class='ocr_line' id='line_1_5' title="bbox 135 928 901 1020; baseline -0.004 -15"><span class='ocrx_word' id='word_1_28' title='bbox 135 932 290 1020; x_wconf 87' lang='lat' dir='ltr'><strong>Cemet,</strong></span> <span class='ocrx_word' id='word_1_29' title='bbox 309 943 350 1008; x_wconf 89' lang='lat' dir='ltr'><strong>et</strong></span> <span class='ocrx_word' id='word_1_30' title='bbox 365 941 503 1008; x_wconf 78' lang='lat' dir='ltr'><strong>exacta</strong></span> <span class='ocrx_word' id='word_1_31' title='bbox 519 942 656 1006; x_wconf 88' lang='lat' dir='ltr'><strong>cuncta</strong></span> <span class='ocrx_word' id='word_1_32' title='bbox 672 931 797 1004; x_wconf 88' lang='lat' dir='ltr'><strong>locere</strong></span> <span class='ocrx_word' id='word_1_33' title='bbox 813 928 901 1004; x_wconf 87' lang='lat' dir='ltr'><strong>fide.</strong></span> 
     </span>
    </p>

    <p class='ocr_par' dir='ltr' id='par_1_4' title="bbox 88 1045 1054 1262">
     <span class='ocr_line' id='line_1_6' title="bbox 88 1045 1054 1134; baseline 0.001 -15"><span class='ocrx_word' id='word_1_34' title='bbox 88 1045 199 1120; x_wconf 91' lang='lat' dir='ltr'><strong>Nunc</strong></span> <span class='ocrx_word' id='word_1_35' title='bbox 216 1046 341 1121; x_wconf 82' lang='lat' dir='ltr'><strong>facere</strong></span> <span class='ocrx_word' id='word_1_36' title='bbox 357 1047 396 1120; x_wconf 92' lang='lat' dir='ltr'><strong>in</strong></span> <span class='ocrx_word' id='word_1_37' title='bbox 413 1047 538 1122; x_wconf 89' lang='lat' dir='ltr'><strong>medio</strong></span> <span class='ocrx_word' id='word_1_38' title='bbox 555 1045 758 1122; x_wconf 82' lang='lat' dir='ltr'><strong>facundum</strong></span> <span class='ocrx_word' id='word_1_39' title='bbox 775 1045 892 1120; x_wconf 85' lang='lat' dir='ltr'><strong>verbe</strong></span> <span class='ocrx_word' id='word_1_40' title='bbox 907 1055 1054 1134; x_wconf 89' lang='lat' dir='ltr'><strong>senatu,</strong></span> 
     </span>
     <span class='ocr_line' id='line_1_7' title="bbox 136 1162 950 1262; baseline 0.005 -28"><span class='ocrx_word' id='word_1_41' title='bbox 136 1162 297 1238; x_wconf 89' lang='lat' dir='ltr'><strong>Publica</strong></span> <span class='ocrx_word' id='word_1_42' title='bbox 315 1174 547 1260; x_wconf 82' lang='lat' dir='ltr'><strong>quaerentem</strong></span> <span class='ocrx_word' id='word_1_43' title='bbox 566 1163 658 1262; x_wconf 93' lang='lat' dir='ltr'><strong>quid</strong></span> <span class='ocrx_word' id='word_1_44' title='bbox 676 1171 782 1261; x_wconf 87' lang='lat' dir='ltr'><strong>petat</strong></span> <span class='ocrx_word' id='word_1_45' title='bbox 797 1162 950 1238; x_wconf 83' lang='lat' dir='ltr'><strong>utilitas.</strong></span> 
     </span>
    </p>

    <p class='ocr_par' dir='ltr' id='par_1_5' title="bbox 89 1277 1129 1493">
     <span class='ocr_line' id='line_1_8' title="bbox 89 1277 1096 1378; baseline 0.004 -28"><span class='ocrx_word' id='word_1_46' title='bbox 89 1277 123 1350; x_wconf 94' lang='lat' dir='ltr'><strong>N</strong></span> <span class='ocrx_word' id='word_1_47' title='bbox 127 1303 213 1366; x_wconf 90' lang='lat' dir='ltr'><strong>unc,</strong></span> <span class='ocrx_word' id='word_1_48' title='bbox 229 1303 299 1378; x_wconf 93' lang='lat' dir='ltr'><strong>pro</strong></span> <span class='ocrx_word' id='word_1_49' title='bbox 319 1278 549 1366; x_wconf 72' lang='lat' dir='ltr'><strong>Cesaribus,</strong></span> <span class='ocrx_word' id='word_1_50' title='bbox 562 1279 718 1377; x_wconf 88' lang='lat' dir='ltr'><strong>Superis</strong></span> <span class='ocrx_word' id='word_1_51' title='bbox 736 1277 939 1354; x_wconf 86' lang='lat' dir='ltr'><strong>decernere</strong></span> <span class='ocrx_word' id='word_1_52' title='bbox 956 1289 1096 1376; x_wconf 81' lang='lat' dir='ltr'><strong>grates,</strong></span> 
     </span>
     <span class='ocr_line' id='line_1_9' title="bbox 135 1393 1129 1493; baseline 0.005 -27"><span class='ocrx_word' id='word_1_53' title='bbox 135 1394 282 1470; x_wconf 88' lang='lat' dir='ltr'><strong>Albave</strong></span> <span class='ocrx_word' id='word_1_54' title='bbox 299 1393 509 1493; x_wconf 89' lang='lat' dir='ltr'><strong>opimorum</strong></span> <span class='ocrx_word' id='word_1_55' title='bbox 526 1394 624 1470; x_wconf 91' lang='lat' dir='ltr'><strong>colla</strong></span> <span class='ocrx_word' id='word_1_56' title='bbox 639 1393 748 1468; x_wconf 85' lang='lat' dir='ltr'><strong>scrire</strong></span> <span class='ocrx_word' id='word_1_57' title='bbox 765 1393 892 1469; x_wconf 91' lang='lat' dir='ltr'><strong>boum.</strong></span> <span class='ocrx_word' id='word_1_58' title='bbox 1078 1401 1129 1471; x_wconf 84' lang='lat'><strong>5⁰</strong></span> 
     </span>
    </p>

    <p class='ocr_par' dir='ltr' id='par_1_6' title="bbox 88 1508 1110 1726">
     <span class='ocr_line' id='line_1_10' title="bbox 88 1508 1110 1610; baseline 0.004 -28"><span class='ocrx_word' id='word_1_59' title='bbox 88 1508 215 1608; x_wconf 88' lang='lat' dir='ltr'><strong>Atque</strong></span> <span class='ocrx_word' id='word_1_60' title='bbox 232 1511 389 1598; x_wconf 88' lang='lat' dir='ltr'><strong>utinam,</strong></span> <span class='ocrx_word' id='word_1_61' title='bbox 404 1535 521 1610; x_wconf 91' lang='lat' dir='ltr'><strong>quum</strong></span> <span class='ocrx_word' id='word_1_62' title='bbox 532 1513 612 1609; x_wconf 86' lang='lat' dir='ltr'><strong>jam</strong></span> <span class='ocrx_word' id='word_1_63' title='bbox 629 1508 744 1584; x_wconf 82' lang='lat' dir='ltr'><strong>fueris</strong></span> <span class='ocrx_word' id='word_1_64' title='bbox 758 1509 905 1608; x_wconf 87' lang='lat' dir='ltr'><strong>potiora</strong></span> <span class='ocrx_word' id='word_1_65' title='bbox 920 1521 1110 1610; x_wconf 82' lang='lat' dir='ltr'><strong>precatus,</strong></span> 
     </span>
     <span class='ocr_line' id='line_1_11' title="bbox 138 1624 900 1726; baseline 0.004 -30"><span class='ocrx_word' id='word_1_66' title='bbox 138 1624 191 1701; x_wconf 89' lang='lat' dir='ltr'><strong>Ut</strong></span> <span class='ocrx_word' id='word_1_67' title='bbox 208 1627 300 1701; x_wconf 90' lang='lat' dir='ltr'><strong>mihi</strong></span> <span class='ocrx_word' id='word_1_68' title='bbox 318 1627 488 1726; x_wconf 76' lang='lat' dir='ltr'><strong>placetur</strong></span> <span class='ocrx_word' id='word_1_69' title='bbox 505 1627 668 1702; x_wconf 88' lang='lat' dir='ltr'><strong>numinis</strong></span> <span class='ocrx_word' id='word_1_70' title='bbox 686 1626 752 1712; x_wconf 92' lang='lat' dir='ltr'><strong>ira,</strong></span> <span class='ocrx_word' id='word_1_71' title='bbox 771 1627 900 1724; x_wconf 87' lang='lat' dir='ltr'><strong>roges!</strong></span> 
     </span>
    </p>

    <p class='ocr_par' dir='ltr' id='par_1_7' title="bbox 90 1741 1063 1961">
     <span class='ocr_line' id='line_1_12' title="bbox 90 1741 1063 1845; baseline 0.011 -31"><span class='ocrx_word' id='word_1_72' title='bbox 90 1741 228 1838; x_wconf 78' lang='lat' dir='ltr'><strong>Surget</strong></span> <span class='ocrx_word' id='word_1_73' title='bbox 244 1744 294 1818; x_wconf 92' lang='lat' dir='ltr'><strong>ad</strong></span> <span class='ocrx_word' id='word_1_74' title='bbox 311 1743 408 1820; x_wconf 86' lang='lat' dir='ltr'><strong>banc</strong></span> <span class='ocrx_word' id='word_1_75' title='bbox 425 1768 556 1820; x_wconf 87' lang='lat' dir='ltr'><strong>vocem</strong></span> <span class='ocrx_word' id='word_1_76' title='bbox 574 1745 687 1845; x_wconf 87' lang='lat' dir='ltr'><strong>plena</strong></span> <span class='ocrx_word' id='word_1_77' title='bbox 703 1743 788 1842; x_wconf 94' lang='lat' dir='ltr'><strong>pius</strong></span> <span class='ocrx_word' id='word_1_78' title='bbox 806 1743 904 1842; x_wconf 86' lang='lat' dir='ltr'><strong>ignis</strong></span> <span class='ocrx_word' id='word_1_79' title='bbox 921 1745 970 1819; x_wconf 84' lang='lat' dir='ltr'><strong>ab</strong></span> <span class='ocrx_word' id='word_1_80' title='bbox 987 1767 1063 1834; x_wconf 85' lang='lat' dir='ltr'><strong>ara,</strong></span> 
     </span>
     <span class='ocr_line' id='line_1_13' title="bbox 137 1858 976 1961; baseline 0.005 -29"><span class='ocrx_word' id='word_1_81' title='bbox 137 1858 292 1958; x_wconf 89' lang='lat' dir='ltr'><strong>Detque</strong></span> <span class='ocrx_word' id='word_1_82' title='bbox 310 1861 453 1934; x_wconf 92' lang='lat' dir='ltr'><strong>bonum</strong></span> <span class='ocrx_word' id='word_1_83' title='bbox 467 1872 554 1936; x_wconf 89' lang='lat' dir='ltr'><strong>voto</strong></span> <span class='ocrx_word' id='word_1_84' title='bbox 569 1859 718 1936; x_wconf 89' lang='lat' dir='ltr'><strong>lucidus</strong></span> <span class='ocrx_word' id='word_1_85' title='bbox 736 1882 847 1934; x_wconf 90' lang='lat' dir='ltr'><strong>omen</strong></span> <span class='ocrx_word' id='word_1_86' title='bbox 864 1884 976 1961; x_wconf 85' lang='lat' dir='ltr'><strong>apex.</strong></span> 
     </span>
    </p>

    <p class='ocr_par' dir='ltr' id='par_1_8' title="bbox 90 1972 1127 2194">
     <span class='ocr_line' id='line_1_14' title="bbox 90 1972 1127 2076; baseline 0.01 -32"><span class='ocrx_word' id='word_1_87' title='bbox 90 1972 250 2062; x_wconf 81' lang='lat' dir='ltr'><strong>Interea,</strong></span> <span class='ocrx_word' id='word_1_88' title='bbox 271 1997 347 2072; x_wconf 86' lang='lat' dir='ltr'><strong>qun</strong></span> <span class='ocrx_word' id='word_1_89' title='bbox 364 1987 472 2076; x_wconf 87' lang='lat' dir='ltr'><strong>parte</strong></span> <span class='ocrx_word' id='word_1_90' title='bbox 488 1976 589 2064; x_wconf 92' lang='lat' dir='ltr'><strong>licet,</strong></span> <span class='ocrx_word' id='word_1_91' title='bbox 608 2001 657 2052; x_wconf 91' lang='lat' dir='ltr'><strong>ne</strong></span> <span class='ocrx_word' id='word_1_92' title='bbox 674 1985 815 2052; x_wconf 87' lang='lat' dir='ltr'><strong>cuncta</strong></span> <span class='ocrx_word' id='word_1_93' title='bbox 831 2001 1042 2075; x_wconf 88' lang='lat' dir='ltr'><strong>queramur,</strong></span> <span class='ocrx_word' id='word_1_94' title='bbox 1078 1982 1127 2054; x_wconf 82' lang='grc'><strong>55</strong></span> 
     </span>
     <span class='ocr_line' id='line_1_15' title="bbox 136 2089 1070 2194; baseline 0.011 -32"><span class='ocrx_word' id='word_1_95' title='bbox 136 2089 210 2164; x_wconf 91' lang='lat' dir='ltr'><strong>Hic</strong></span> <span class='ocrx_word' id='word_1_96' title='bbox 230 2113 383 2189; x_wconf 91' lang='lat' dir='ltr'><strong>quoque</strong></span> <span class='ocrx_word' id='word_1_97' title='bbox 400 2103 439 2168; x_wconf 85' lang='lat' dir='ltr'><strong>tc</strong></span> <span class='ocrx_word' id='word_1_98' title='bbox 455 2091 593 2168; x_wconf 84' lang='lat' dir='ltr'><strong>festum</strong></span> <span class='ocrx_word' id='word_1_99' title='bbox 610 2094 765 2170; x_wconf 89' lang='lat' dir='ltr'><strong>consule</strong></span> <span class='ocrx_word' id='word_1_100' title='bbox 782 2105 933 2194; x_wconf 88' lang='lat' dir='ltr'><strong>tempus</strong></span> <span class='ocrx_word' id='word_1_101' title='bbox 947 2119 1070 2194; x_wconf 83' lang='lat' dir='ltr'><strong>agam.</strong></span> 
     </span>
    </p>

    <p class='ocr_par' dir='ltr' id='par_1_9' title="bbox 90 2204 906 2414">
     <span class='ocr_line' id='line_1_16' title="bbox 90 2204 906 2310; baseline 0.011 -34"><span class='ocrx_word' id='word_1_102' title='bbox 90 2204 217 2280; x_wconf 84' lang='lat' dir='ltr'><strong>Altera</strong></span> <span class='ocrx_word' id='word_1_103' title='bbox 232 2207 385 2296; x_wconf 83' lang='lat' dir='ltr'><strong>laetitiae,</strong></span> <span class='ocrx_word' id='word_1_104' title='bbox 404 2233 474 2284; x_wconf 91' lang='lat' dir='ltr'><strong>nec</strong></span> <span class='ocrx_word' id='word_1_105' title='bbox 491 2211 630 2286; x_wconf 86' lang='lat' dir='ltr'><strong>cedens</strong></span> <span class='ocrx_word' id='word_1_106' title='bbox 648 2234 764 2286; x_wconf 88' lang='lat' dir='ltr'><strong>causa</strong></span> <span class='ocrx_word' id='word_1_107' title='bbox 780 2211 906 2310; x_wconf 89' lang='lat' dir='ltr'><strong>priori,</strong></span> 
     </span>
     <span class='ocr_line' id='line_1_17' title="bbox 138 2321 872 2414; baseline 0.008 -20"><span class='ocrx_word' id='word_1_108' title='bbox 138 2321 346 2396; x_wconf 89' lang='lat' dir='ltr'><strong>Successor</strong></span> <span class='ocrx_word' id='word_1_109' title='bbox 363 2324 460 2400; x_wconf 85' lang='lat' dir='ltr'><strong>tanti</strong></span> <span class='ocrx_word' id='word_1_110' title='bbox 476 2323 589 2401; x_wconf 86' lang='lat' dir='ltr'><strong>irater</strong></span> <span class='ocrx_word' id='word_1_111' title='bbox 607 2325 771 2414; x_wconf 90' lang='lat' dir='ltr'><strong>honoris,</strong></span> <span class='ocrx_word' id='word_1_112' title='bbox 788 2325 872 2401; x_wconf 89' lang='lat' dir='ltr'><strong>erit.</strong></span> 
     </span>
    </p>

    <p class='ocr_par' dir='ltr' id='par_1_10' title="bbox 91 2435 1029 2530">
     <span class='ocr_line' id='line_1_18' title="bbox 91 2435 1029 2530; baseline 0.01 -22"><span class='ocrx_word' id='word_1_113' title='bbox 91 2435 183 2510; x_wconf 90' lang='lat' dir='ltr'><strong>Nam</strong></span> <span class='ocrx_word' id='word_1_114' title='bbox 203 2438 273 2512; x_wconf 87' lang='lat' dir='ltr'><strong>tibi</strong></span> <span class='ocrx_word' id='word_1_115' title='bbox 290 2439 437 2514; x_wconf 87' lang='lat' dir='ltr'><strong>finitum</strong></span> <span class='ocrx_word' id='word_1_116' title='bbox 455 2465 614 2529; x_wconf 90' lang='lat' dir='ltr'><strong>summo,</strong></span> <span class='ocrx_word' id='word_1_117' title='bbox 634 2442 820 2530; x_wconf 90' lang='lat' dir='ltr'><strong>Graecine,</strong></span> <span class='ocrx_word' id='word_1_118' title='bbox 839 2441 1029 2517; x_wconf 87' lang='lat' dir='ltr'><strong>decembri</strong></span> 
     </span>
    </p>
   </div>
   <div class='ocr_carea' id='block_1_3' title="bbox 90 2552 1128 3132">
    <p class='ocr_par' dir='ltr' id='par_1_11' title="bbox 90 2552 1128 3132">
     <span class='ocr_line' id='line_1_19' title="bbox 137 2552 1128 2658; baseline 0.009 -34"><span class='ocrx_word' id='word_1_119' title='bbox 137 2552 355 2652; x_wconf 86' lang='lat' dir='ltr'><strong>Imperium,</strong></span> <span class='ocrx_word' id='word_1_120' title='bbox 373 2554 461 2630; x_wconf 80' lang='lat' dir='ltr'><strong>Jani</strong></span> <span class='ocrx_word' id='word_1_121' title='bbox 479 2559 639 2658; x_wconf 84' lang='lat' dir='ltr'><strong>suscipit</strong></span> <span class='ocrx_word' id='word_1_122' title='bbox 656 2558 719 2634; x_wconf 90' lang='lat' dir='ltr'><strong>ille</strong></span> <span class='ocrx_word' id='word_1_123' title='bbox 736 2559 810 2634; x_wconf 87' lang='lat' dir='ltr'><strong>die.</strong></span> <span class='ocrx_word' id='word_1_124' title='bbox 1079 2563 1128 2633; x_wconf 88' lang='lat'><strong>60</strong></span> 
     </span>
     <span class='ocr_line' id='line_1_20' title="bbox 90 2667 971 2776; baseline 0.014 -36"><span class='ocrx_word' id='word_1_125' title='bbox 90 2667 257 2768; x_wconf 83' lang='lat' dir='ltr'><strong>Quoequc</strong></span> <span class='ocrx_word' id='word_1_126' title='bbox 275 2672 389 2746; x_wconf 86' lang='lat' dir='ltr'><strong>estin</strong></span> <span class='ocrx_word' id='word_1_127' title='bbox 405 2674 511 2750; x_wconf 89' lang='lat' dir='ltr'><strong>vobis</strong></span> <span class='ocrx_word' id='word_1_128' title='bbox 530 2676 664 2776; x_wconf 85' lang='lat' dir='ltr'><strong>pictas,</strong></span> <span class='ocrx_word' id='word_1_129' title='bbox 683 2679 827 2753; x_wconf 85' lang='lat' dir='ltr'><strong>alterna</strong></span> <span class='ocrx_word' id='word_1_130' title='bbox 843 2675 971 2752; x_wconf 86' lang='lat' dir='ltr'><strong>seretis</strong></span> 
     </span>
     <span class='ocr_line' id='line_1_21' title="bbox 137 2786 883 2885; baseline 0.017 -27"><span class='ocrx_word' id='word_1_131' title='bbox 137 2786 298 2875; x_wconf 87' lang='lat' dir='ltr'><strong>Gaudia,</strong></span> <span class='ocrx_word' id='word_1_132' title='bbox 318 2801 359 2863; x_wconf 90' lang='lat' dir='ltr'><strong>tu</strong></span> <span class='ocrx_word' id='word_1_133' title='bbox 377 2790 500 2867; x_wconf 85' lang='lat' dir='ltr'><strong>fiatris</strong></span> <span class='ocrx_word' id='word_1_134' title='bbox 517 2792 697 2885; x_wconf 84' lang='lat' dir='ltr'><strong>fascibus,</strong></span> <span class='ocrx_word' id='word_1_135' title='bbox 716 2797 779 2871; x_wconf 91' lang='lat' dir='ltr'><strong>ille</strong></span> <span class='ocrx_word' id='word_1_136' title='bbox 796 2797 883 2872; x_wconf 91' lang='lat' dir='ltr'><strong>tuis.</strong></span> 
     </span>
     <span class='ocr_line' id='line_1_22' title="bbox 92 2899 956 3002; baseline 0.019 -29"><span class='ocrx_word' id='word_1_137' title='bbox 92 2899 151 2974; x_wconf 90' lang='lat' dir='ltr'><strong>Sic</strong></span> <span class='ocrx_word' id='word_1_138' title='bbox 170 2915 212 2976; x_wconf 88' lang='lat' dir='ltr'><strong>tu</strong></span> <span class='ocrx_word' id='word_1_139' title='bbox 230 2905 290 2979; x_wconf 92' lang='lat' dir='ltr'><strong>bis</strong></span> <span class='ocrx_word' id='word_1_140' title='bbox 306 2905 422 2982; x_wconf 88' lang='lat' dir='ltr'><strong>fucris</strong></span> <span class='ocrx_word' id='word_1_141' title='bbox 439 2913 584 3002; x_wconf 89' lang='lat' dir='ltr'><strong>consul,</strong></span> <span class='ocrx_word' id='word_1_142' title='bbox 603 2914 664 2988; x_wconf 91' lang='lat' dir='ltr'><strong>bis</strong></span> <span class='ocrx_word' id='word_1_143' title='bbox 676 2916 809 2990; x_wconf 92' lang='lat' dir='ltr'><strong>consul</strong></span> <span class='ocrx_word' id='word_1_144' title='bbox 825 2923 865 2990; x_wconf 92' lang='lat' dir='ltr'><strong>et</strong></span> <span class='ocrx_word' id='word_1_145' title='bbox 881 2913 956 3000; x_wconf 90' lang='lat' dir='ltr'><strong>ille,</strong></span> 
     </span>
     <span class='ocr_line' id='line_1_23' title="bbox 135 3018 949 3132; baseline 0.014 -40"><span class='ocrx_word' id='word_1_146' title='bbox 135 3018 260 3118; x_wconf 89' lang='lat' dir='ltr'><strong>Inque</strong></span> <span class='ocrx_word' id='word_1_147' title='bbox 277 3023 389 3102; x_wconf 92' lang='lat' dir='ltr'><strong>domo</strong></span> <span class='ocrx_word' id='word_1_148' title='bbox 407 3026 531 3104; x_wconf 88' lang='lat' dir='ltr'><strong>bimus</strong></span> <span class='ocrx_word' id='word_1_149' title='bbox 549 3031 802 3132; x_wconf 87' lang='lat' dir='ltr'><strong>conspicietur</strong></span> <span class='ocrx_word' id='word_1_150' title='bbox 818 3031 949 3105; x_wconf 90' lang='lat' dir='ltr'><strong>honor.</strong></span> 
     </span>
    </p>
   </div>
   <div class='ocr_carea' id='block_1_4' title="bbox 118 3205 1127 3282">
    <p class='ocr_par' dir='ltr' id='par_1_12' title="bbox 118 3205 1127 3282">
     <span class='ocr_line' id='line_1_24' title="bbox 118 3205 1127 3282; baseline 0.03 -29"><span class='ocrx_word' id='word_1_151' title='bbox 118 3205 157 3253; x_wconf 78' lang='grc'><strong>45.</strong></span> <span class='ocrx_word' id='word_1_152' title='bbox 166 3205 582 3280; x_wconf 69' lang='lat' dir='ltr'><strong>esromuers.]1²roventusquu-</strong></span> <span class='ocrx_word' id='word_1_153' title='bbox 631 3227 716 3266; x_wconf 73' lang='lat' dir='ltr'><strong>cumo</strong></span> <span class='ocrx_word' id='word_1_154' title='bbox 728 3231 859 3280; x_wconf 61' lang='lat' dir='ltr'><strong>mmet·</strong></span> <span class='ocrx_word' id='word_1_155' title='bbox 881 3215 921 3264; x_wconf 67' lang='grc' dir='ltr'><strong>ΝΘ</strong></span> <span class='ocrx_word' id='word_1_156' title='bbox 932 3211 1127 3282; x_wconf 57' lang='grc' dir='ltr'><strong>ᾸΨΜΜΡΒ</strong></span> 
     </span>
    </p>
   </div>
   <div class='ocr_carea' id='block_1_5' title="bbox 89 3280 1248 3357">
    <p class='ocr_par' dir='ltr' id='par_1_13' title="bbox 89 3280 1248 3357">
     <span class='ocr_line' id='line_1_25' title="bbox 89 3280 1248 3357; baseline -0.003 -15"><span class='ocrx_word' id='word_1_157' title='bbox 89 3280 229 3341; x_wconf 70' lang='lat' dir='ltr'><strong>quennales:</strong></span> <span class='ocrx_word' id='word_1_158' title='bbox 252 3297 308 3331; x_wconf 82' lang='lat' dir='ltr'><strong>narn</strong></span> <span class='ocrx_word' id='word_1_159' title='bbox 325 3285 453 3350; x_wconf 70' lang='lat' dir='ltr'><strong>vectigalis</strong></span> <span class='ocrx_word' id='word_1_160' title='bbox 472 3288 583 3338; x_wconf 76' lang='lat' dir='ltr'><strong>locaban·</strong></span> <span class='ocrx_word' id='word_1_161' title='bbox 632 3290 702 3357; x_wconf 84' lang='lat' dir='ltr'><strong>bnjns</strong></span> <span class='ocrx_word' id='word_1_162' title='bbox 721 3290 858 3356; x_wconf 71' lang='lat' dir='ltr'><strong>spccnoult</strong></span> <span class='ocrx_word' id='word_1_163' title='bbox 875 3305 931 3340; x_wconf 83' lang='lat' dir='ltr'><strong>cnm</strong></span> <span class='ocrx_word' id='word_1_164' title='bbox 947 3289 1044 3354; x_wconf 78' lang='lat' dir='ltr'><strong>querele</strong></span> <span class='ocrx_word' id='word_1_165' title='bbox 1062 3305 1127 3339; x_wconf 87' lang='lat' dir='ltr'><strong>com·</strong></span> <span class='ocrx_word' id='word_1_166' title='bbox 1245 3305 1248 3312; x_wconf 85' lang='grc'>’</span> 
     </span>
    </p>
   </div>
   <div class='ocr_carea' id='block_1_6' title="bbox 87 3351 1130 4316">
    <p class='ocr_par' dir='ltr' id='par_1_14' title="bbox 87 3351 1130 4316">
     <span class='ocr_line' id='line_1_26' title="bbox 89 3351 1130 3423; baseline 0.016 -24"><span class='ocrx_word' id='word_1_167' title='bbox 89 3351 372 3419; x_wconf 79' lang='lat' dir='ltr'><strong>turadqninquennium.</strong></span> <span class='ocrx_word' id='word_1_168' title='bbox 396 3359 582 3423; x_wconf 59' lang='lat' dir='ltr'><strong>summus</strong></span> <span class='ocrx_word' id='word_1_169' title='bbox 632 3379 769 3414; x_wconf 83' lang='lat' dir='ltr'><strong>memorem.</strong></span> <span class='ocrx_word' id='word_1_170' title='bbox 802 3362 943 3422; x_wconf 75' lang='lat' dir='ltr'><strong>Velctinm,</strong></span> <span class='ocrx_word' id='word_1_171' title='bbox 954 3361 1035 3413; x_wconf 83' lang='lat' dir='ltr'><strong>Nead</strong></span> <span class='ocrx_word' id='word_1_172' title='bbox 1049 3364 1130 3415; x_wconf 68' lang='lat' dir='ltr'><strong>omnia</strong></span> 
     </span>
     <span class='ocr_line' id='line_1_27' title="bbox 89 3427 941 3502; baseline 0.016 -30"><span class='ocrx_word' id='word_1_173' title='bbox 89 3435 122 3472; x_wconf 75' lang='lat' dir='ltr'><strong>tc.</strong></span> <span class='ocrx_word' id='word_1_174' title='bbox 139 3427 502 3494; x_wconf 65' lang='lat' dir='ltr'><strong>lamminpublicneuctiona.</strong></span> <span class='ocrx_word' id='word_1_175' title='bbox 633 3435 941 3502; x_wconf 68' lang='lat' dir='ltr'><strong>mundaequerulisimus.</strong></span> 
     </span>
     <span class='ocr_line' id='line_1_28' title="bbox 118 3501 1130 3575; baseline 0.014 -27"><span class='ocrx_word' id='word_1_176' title='bbox 118 3501 157 3548; x_wconf 84' lang='grc'><strong>46.</strong></span> <span class='ocrx_word' id='word_1_177' title='bbox 171 3501 336 3568; x_wconf 58' lang='lat' dir='ltr'><strong>morafiae]</strong></span> <span class='ocrx_word' id='word_1_178' title='bbox 350 3505 418 3555; x_wconf 79' lang='lat' dir='ltr'><strong>Bone</strong></span> <span class='ocrx_word' id='word_1_179' title='bbox 428 3506 485 3556; x_wconf 82' lang='lat' dir='ltr'><strong>fide.</strong></span> <span class='ocrx_word' id='word_1_180' title='bbox 665 3512 707 3560; x_wconf 76' lang='lat'><strong>59.</strong></span> <span class='ocrx_word' id='word_1_181' title='bbox 728 3511 819 3560; x_wconf 66' lang='lat' dir='ltr'><strong>&amp;aaa</strong></span> <span class='ocrx_word' id='word_1_182' title='bbox 837 3511 968 3575; x_wconf 65' lang='lat' dir='ltr'><strong>mant]</strong></span> <span class='ocrx_word' id='word_1_183' title='bbox 989 3511 1087 3562; x_wconf 78' lang='lat' dir='ltr'><strong>Summa</strong></span> <span class='ocrx_word' id='word_1_184' title='bbox 1102 3520 1130 3564; x_wconf 76' lang='lat' dir='ltr'><strong>et</strong></span> 
     </span>
     <span class='ocr_line' id='line_1_29' title="bbox 117 3576 966 3651; baseline 0.014 -28"><span class='ocrx_word' id='word_1_185' title='bbox 117 3577 156 3624; x_wconf 84' lang='grc'><strong>49.</strong></span> <span class='ocrx_word' id='word_1_186' title='bbox 173 3576 268 3640; x_wconf 77' lang='lat' dir='ltr'><strong>Superis</strong></span> <span class='ocrx_word' id='word_1_187' title='bbox 284 3579 402 3630; x_wconf 70' lang='lat' dir='ltr'><strong>dxeram</strong></span> <span class='ocrx_word' id='word_1_188' title='bbox 418 3582 517 3646; x_wconf 63' lang='lat' dir='ltr'><strong>gram]</strong></span> <span class='ocrx_word' id='word_1_189' title='bbox 532 3583 582 3634; x_wconf 86' lang='lat' dir='ltr'><strong>De·</strong></span> <span class='ocrx_word' id='word_1_190' title='bbox 632 3591 737 3634; x_wconf 77' lang='lat' dir='ltr'><strong>extrem</strong></span> <span class='ocrx_word' id='word_1_191' title='bbox 748 3584 966 3651; x_wconf 79' lang='lat' dir='ltr'><strong>pertcdcccmbris.</strong></span> 
     </span>
     <span class='ocr_line' id='line_1_30' title="bbox 87 3650 1128 3723; baseline 0.011 -26"><span class='ocrx_word' id='word_1_192' title='bbox 87 3663 178 3698; x_wconf 79' lang='lat' dir='ltr'><strong>cernere</strong></span> <span class='ocrx_word' id='word_1_193' title='bbox 188 3650 382 3716; x_wconf 72' lang='lat' dir='ltr'><strong>supplicationes,</strong></span> <span class='ocrx_word' id='word_1_194' title='bbox 392 3653 516 3721; x_wconf 82' lang='lat' dir='ltr'><strong>inquibus</strong></span> <span class='ocrx_word' id='word_1_195' title='bbox 528 3671 582 3721; x_wconf 73' lang='lat' dir='ltr'><strong>gru·</strong></span> <span class='ocrx_word' id='word_1_196' title='bbox 665 3659 705 3708; x_wconf 84' lang='lat'><strong>60.</strong></span> <span class='ocrx_word' id='word_1_197' title='bbox 716 3659 862 3723; x_wconf 68' lang='lat' dir='ltr'><strong>Imperium]</strong></span> <span class='ocrx_word' id='word_1_198' title='bbox 881 3659 1045 3708; x_wconf 73' lang='lat' dir='ltr'><strong>Consulatum.</strong></span> <span class='ocrx_word' id='word_1_199' title='bbox 1069 3658 1128 3708; x_wconf 65' lang='lat' dir='ltr'><strong>saur</strong></span> 
     </span>
     <span class='ocr_line' id='line_1_31' title="bbox 88 3723 1127 3789; baseline 0.011 -18"><span class='ocrx_word' id='word_1_200' title='bbox 88 3723 123 3772; x_wconf 69' lang='lat' dir='ltr'><strong>tin</strong></span> <span class='ocrx_word' id='word_1_201' title='bbox 138 3723 193 3774; x_wconf 76' lang='lat' dir='ltr'><strong>Diis</strong></span> <span class='ocrx_word' id='word_1_202' title='bbox 209 3726 342 3789; x_wconf 68' lang='lat' dir='ltr'><strong>agebantur</strong></span> <span class='ocrx_word' id='word_1_203' title='bbox 358 3729 389 3778; x_wconf 91' lang='lat' dir='ltr'><strong>ob</strong></span> <span class='ocrx_word' id='word_1_204' title='bbox 400 3727 521 3780; x_wconf 71' lang='lat' dir='ltr'><strong>victorium</strong></span> <span class='ocrx_word' id='word_1_205' title='bbox 538 3731 583 3780; x_wconf 71' lang='lat' dir='ltr'><strong>eli·</strong></span> <span class='ocrx_word' id='word_1_206' title='bbox 633 3735 678 3781; x_wconf 75' lang='lat' dir='ltr'><strong>dtr·</strong></span> <span class='ocrx_word' id='word_1_207' title='bbox 694 3731 811 3782; x_wconf 76' lang='lat' dir='ltr'><strong>Kalendis</strong></span> <span class='ocrx_word' id='word_1_208' title='bbox 820 3731 937 3782; x_wconf 73' lang='lat' dir='ltr'><strong>Januarii.</strong></span> <span class='ocrx_word' id='word_1_209' title='bbox 961 3731 1016 3781; x_wconf 82' lang='lat' dir='ltr'><strong>uu.</strong></span> <span class='ocrx_word' id='word_1_210' title='bbox 1029 3727 1127 3782; x_wconf 65' lang='lat' dir='ltr'><strong>Seium</strong></span> 
     </span>
     <span class='ocr_line' id='line_1_32' title="bbox 88 3797 783 3860; baseline 0.012 -13"><span class='ocrx_word' id='word_1_211' title='bbox 88 3812 164 3860; x_wconf 72' lang='lat' dir='ltr'><strong>quum.</strong></span> <span class='ocrx_word' id='word_1_212' title='bbox 633 3806 704 3854; x_wconf 73' lang='lat' dir='ltr'><strong>usur</strong></span> <span class='ocrx_word' id='word_1_213' title='bbox 715 3797 783 3856; x_wconf 62' lang='lat' dir='ltr'><strong>tuuc</strong></span> 
     </span>
     <span class='ocr_line' id='line_1_33' title="bbox 116 3872 1126 3942; baseline 0.008 -22"><span class='ocrx_word' id='word_1_214' title='bbox 116 3872 156 3920; x_wconf 75' lang='lat'><strong>5⁴.</strong></span> <span class='ocrx_word' id='word_1_215' title='bbox 167 3872 274 3922; x_wconf 67' lang='lat' dir='ltr'><strong>Lunae</strong></span> <span class='ocrx_word' id='word_1_216' title='bbox 279 3874 356 3938; x_wconf 68' lang='lat' dir='ltr'><strong>epra]</strong></span> <span class='ocrx_word' id='word_1_217' title='bbox 366 3875 421 3941; x_wconf 78' lang='lat' dir='ltr'><strong>Ipse</strong></span> <span class='ocrx_word' id='word_1_218' title='bbox 431 3873 493 3942; x_wconf 71' lang='lat' dir='ltr'><strong>ignis</strong></span> <span class='ocrx_word' id='word_1_219' title='bbox 503 3875 582 3928; x_wconf 77' lang='lat' dir='ltr'><strong>clerus</strong></span> <span class='ocrx_word' id='word_1_220' title='bbox 663 3879 704 3927; x_wconf 88' lang='grc'><strong>64.</strong></span> <span class='ocrx_word' id='word_1_221' title='bbox 712 3878 787 3926; x_wconf 68' lang='lat' dir='ltr'><strong>Bam</strong></span> <span class='ocrx_word' id='word_1_222' title='bbox 796 3873 1040 3941; x_wconf 66' lang='lat' dir='ltr'><strong>mmmmm]</strong></span> <span class='ocrx_word' id='word_1_223' title='bbox 1048 3875 1126 3928; x_wconf 79' lang='lat' dir='ltr'><strong>Immo</strong></span> 
     </span>
     <span class='ocr_line' id='line_1_34' title="bbox 87 3946 1127 4016; baseline 0.01 -26"><span class='ocrx_word' id='word_1_224' title='bbox 87 3951 110 3992; x_wconf 87' lang='lat' dir='ltr'><strong>et</strong></span> <span class='ocrx_word' id='word_1_225' title='bbox 124 3961 196 4010; x_wconf 76' lang='lat' dir='ltr'><strong>pum</strong></span> <span class='ocrx_word' id='word_1_226' title='bbox 216 3946 243 3995; x_wconf 88' lang='lat' dir='ltr'><strong>in</strong></span> <span class='ocrx_word' id='word_1_227' title='bbox 262 3947 331 4012; x_wconf 75' lang='lat' dir='ltr'><strong>apice</strong></span> <span class='ocrx_word' id='word_1_228' title='bbox 350 3959 374 3998; x_wconf 85' lang='lat' dir='ltr'><strong>et</strong></span> <span class='ocrx_word' id='word_1_229' title='bbox 395 3951 534 4000; x_wconf 65' lang='lat' dir='ltr'><strong>cacumine:</strong></span> <span class='ocrx_word' id='word_1_230' title='bbox 555 3951 581 4006; x_wconf 82' lang='lat' dir='ltr'><strong>id</strong></span> <span class='ocrx_word' id='word_1_231' title='bbox 631 3951 741 4010; x_wconf 63' lang='lat' dir='ltr'><strong>binnasi</strong></span> <span class='ocrx_word' id='word_1_232' title='bbox 757 3952 815 4016; x_wconf 85' lang='lat' dir='ltr'><strong>quid</strong></span> <span class='ocrx_word' id='word_1_233' title='bbox 827 3950 910 4013; x_wconf 75' lang='lat' dir='ltr'><strong>rideo5</strong></span> <span class='ocrx_word' id='word_1_234' title='bbox 926 3950 990 4016; x_wconf 88' lang='lat' dir='ltr'><strong>quod</strong></span> <span class='ocrx_word' id='word_1_235' title='bbox 1005 3950 1127 4000; x_wconf 69' lang='lat' dir='ltr'><strong>confirmet</strong></span> 
     </span>
     <span class='ocr_line' id='line_1_35' title="bbox 87 4017 1125 4093; baseline 0.009 -28"><span class='ocrx_word' id='word_1_236' title='bbox 87 4017 145 4066; x_wconf 80' lang='lat' dir='ltr'><strong>euim</strong></span> <span class='ocrx_word' id='word_1_237' title='bbox 157 4020 262 4069; x_wconf 75' lang='lat' dir='ltr'><strong>maxime</strong></span> <span class='ocrx_word' id='word_1_238' title='bbox 273 4021 440 4073; x_wconf 69' lang='lat' dir='ltr'><strong>observabant.</strong></span> <span class='ocrx_word' id='word_1_239' title='bbox 631 4025 876 4093; x_wconf 74' lang='lat' dir='ltr'><strong>Rottendorphinum:</strong></span> <span class='ocrx_word' id='word_1_240' title='bbox 892 4027 1026 4074; x_wconf 67' lang='lat' dir='ltr'><strong>warentiam</strong></span> <span class='ocrx_word' id='word_1_241' title='bbox 1044 4025 1125 4074; x_wconf 74' lang='lat' dir='ltr'><strong>tim</strong></span> 
     </span>
     <span class='ocr_line' id='line_1_36' title="bbox 116 4095 1125 4164; baseline 0.008 -22"><span class='ocrx_word' id='word_1_242' title='bbox 116 4096 155 4144; x_wconf 78' lang='grc'><strong>55.</strong></span> <span class='ocrx_word' id='word_1_243' title='bbox 178 4095 233 4150; x_wconf 81' lang='lat' dir='ltr'><strong>Quo</strong></span> <span class='ocrx_word' id='word_1_244' title='bbox 250 4107 318 4158; x_wconf 80' lang='lat' dir='ltr'><strong>pum</strong></span> <span class='ocrx_word' id='word_1_245' title='bbox 336 4097 411 4162; x_wconf 67' lang='lat' dir='ltr'><strong>item]</strong></span> <span class='ocrx_word' id='word_1_246' title='bbox 434 4100 489 4157; x_wconf 85' lang='lat' dir='ltr'><strong>Quo</strong></span> <span class='ocrx_word' id='word_1_247' title='bbox 511 4099 582 4148; x_wconf 87' lang='lat' dir='ltr'><strong>modo</strong></span> <span class='ocrx_word' id='word_1_248' title='bbox 631 4109 702 4150; x_wconf 73' lang='lat' dir='ltr'><strong>uocet</strong></span> <span class='ocrx_word' id='word_1_249' title='bbox 718 4101 811 4158; x_wconf 85' lang='lat' dir='ltr'><strong>Cicero,</strong></span> <span class='ocrx_word' id='word_1_250' title='bbox 829 4099 871 4148; x_wconf 90' lang='lat' dir='ltr'><strong>lib.</strong></span> <span class='ocrx_word' id='word_1_251' title='bbox 887 4097 922 4147; x_wconf 92' lang='lat' dir='ltr'><strong>iii.</strong></span> <span class='ocrx_word' id='word_1_252' title='bbox 938 4099 1013 4164; x_wconf 74' lang='lat' dir='ltr'><strong>Epist.</strong></span> <span class='ocrx_word' id='word_1_253' title='bbox 1026 4097 1077 4146; x_wconf 81' lang='lat' dir='ltr'><strong>viii.</strong></span> <span class='ocrx_word' id='word_1_254' title='bbox 1093 4099 1125 4150; x_wconf 77' lang='lat' dir='ltr'><strong>nd</strong></span> 
     </span>
     <span class='ocr_line' id='line_1_37' title="bbox 89 4167 1126 4241; baseline 0.007 -25"><span class='ocrx_word' id='word_1_255' title='bbox 89 4181 188 4229; x_wconf 65' lang='lat' dir='ltr'><strong>mcum,</strong></span> <span class='ocrx_word' id='word_1_256' title='bbox 199 4167 246 4218; x_wconf 85' lang='lat' dir='ltr'><strong>boc</strong></span> <span class='ocrx_word' id='word_1_257' title='bbox 262 4178 307 4227; x_wconf 79' lang='lat' dir='ltr'><strong>est,</strong></span> <span class='ocrx_word' id='word_1_258' title='bbox 318 4177 407 4228; x_wconf 80' lang='lat' dir='ltr'><strong>ruente,</strong></span> <span class='ocrx_word' id='word_1_259' title='bbox 418 4173 475 4238; x_wconf 80' lang='lat' dir='ltr'><strong>quia</strong></span> <span class='ocrx_word' id='word_1_260' title='bbox 485 4187 582 4239; x_wconf 78' lang='lat' dir='ltr'><strong>corpore</strong></span> <span class='ocrx_word' id='word_1_261' title='bbox 631 4174 736 4241; x_wconf 79' lang='lat' dir='ltr'><strong>Appium</strong></span> <span class='ocrx_word' id='word_1_262' title='bbox 747 4175 778 4224; x_wconf 86' lang='lat' dir='ltr'><strong>de</strong></span> <span class='ocrx_word' id='word_1_263' title='bbox 791 4171 950 4238; x_wconf 74' lang='lat' dir='ltr'><strong>regendiuper</strong></span> <span class='ocrx_word' id='word_1_264' title='bbox 960 4171 1055 4222; x_wconf 82' lang='lat' dir='ltr'><strong>eosdem</strong></span> <span class='ocrx_word' id='word_1_265' title='bbox 1065 4187 1126 4238; x_wconf 71' lang='lat' dir='ltr'><strong>pre-</strong></span> 
     </span>
     <span class='ocr_line' id='line_1_38' title="bbox 91 4239 1127 4316; baseline 0.012 -28"><span class='ocrx_word' id='word_1_266' title='bbox 91 4239 209 4292; x_wconf 82' lang='lat' dir='ltr'><strong>nonlicet</strong></span> <span class='ocrx_word' id='word_1_267' title='bbox 230 4241 314 4292; x_wconf 67' lang='lat' dir='ltr'><strong>merse</strong></span> <span class='ocrx_word' id='word_1_268' title='bbox 334 4251 381 4294; x_wconf 75' lang='lat' dir='ltr'><strong>tue</strong></span> <span class='ocrx_word' id='word_1_269' title='bbox 402 4259 503 4312; x_wconf 76' lang='lat' dir='ltr'><strong>pompe.</strong></span> <span class='ocrx_word' id='word_1_270' title='bbox 545 4245 582 4296; x_wconf 76' lang='lat' dir='ltr'><strong>Ns</strong></span> <span class='ocrx_word' id='word_1_271' title='bbox 631 4245 1026 4316; x_wconf 77' lang='lat' dir='ltr'><strong>fectosperbienniurnprorinciis</strong></span> <span class='ocrx_word' id='word_1_272' title='bbox 1036 4243 1127 4300; x_wconf 70' lang='lat' dir='ltr'><strong>uuus.</strong></span> 
     </span>
    </p>
   </div>
   <div class='ocr_carea' id='block_1_7' title="bbox 0 0 1497 5118">
    <p class='ocr_par' dir='ltr' id='par_1_15' title="bbox 0 0 1497 5118">
     <span class='ocr_line' id='line_1_39' title="bbox 0 0 1497 5118; baseline 0 0"><span class='ocrx_word' id='word_1_273' title='bbox 0 0 1497 5118; x_wconf 95' lang='lat' dir='ltr'><strong> </strong></span> 
     </span>
    </p>
   </div>
  </div>
 </body>
</html>
