2974 5100
372 409 439 476 874
667 403 706 468 Ρ.
722 400 883 468 ovlnll
907 399 1117 466 NASONIS

687 686 1014 764 EPISTOLA
1049 689 1096 762 V.

787 903 1001 970 unxluo.

375 1056 473 1128 lnnn
491 1065 577 1128 tuos
592 1050 783 1150 quondam
800 1071 875 1122 non
893 1047 1050 1122 ultimus
1067 1048 1164 1123 inter
1181 1049 1335 1138 amicos,

426 1169 480 1244 Ut
498 1193 566 1243 sua
581 1169 695 1242 verba
712 1151 828 1264 legas}
849 1163 1032 1251 Maxime,
1053 1163 1158 1241 Naso
1175 1179 1303 1266 rogat:

374 1285 420 1361 ln
438 1287 577 1386 quibus
594 1281 786 1381 ingenium
803 1282 946 1357 desiste
964 1283 1153 1382 requirere
1170 1295 1349 1371 noemam,

424 1403 587 1477 Nescius
604 1400 728 1476 exsilii
743 1423 792 1474 ne
809 1399 959 1474 videare
977 1399 1063 1474 mei.

374 1517 522 1606 Cernis,
540 1527 582 1591 ut
598 1515 773 1614 ignavum
791 1525 1031 1614 corrumpant
1047 1515 1125 1588 otia
1140 1539 1302 1613 corpus;
1382 1517 1404 1586 5

424 1635 478 1710 Ut
494 1635 646 1734 capiant
661 1634 806 1720 vitium,
825 1633 863 1705 ni
880 1641 1111 1718 moveantur,
1130 1655 1254 1729 aquae.

373 1751 424 1826 Et
440 1750 543 1838 mihi,
562 1750 593 1825 si
612 1751 698 1848 quis
716 1761 808 1837 erat,
824 1749 989 1824 ducendi
1008 1748 1183 1822 carminis
1200 1772 1291 1822 usus

422 1866 574 1954 Deficit,
593 1877 729 1964 estque
746 1867 867 1942 minor
883 1865 1005 1942 iactus
1022 1867 1143 1941 inerte
1160 1866 1249 1940 situ.
1480 1869 1481 1948 l

373 1981 467 2058 Haec
486 2005 651 2080 quoque,
669 2005 756 2079 quae
780 1982 919 2080 legitis,
938 1983 971 2056 si
991 1982 1084 2080 quid
1105 1980 1210 2068 mihi,
1231 1979 1406 2065 Maxime,

423 2097 630 2174 Scribimus
647 2098 775 2186 invita,
786 2100 927 2198 vixque
944 2109 1089 2186 coacta,
1104 2121 1232 2171 manu.
1260 2096 1406 2193 [credis

372 2215 408 2288 N
411 2240 460 2289 on
477 2214 572 2288 libet
588 2213 627 2286 in
643 2215 739 2289 tales
757 2215 923 2289 animum
940 2213 1168 2288 contendere
1185 2235 1307 2298 curas,
1368 2215 1405 2284 ll
1480 2245 1481 2310 3

423 2327 506 2406 Nec
522 2329 626 2404 venit
643 2329 691 2404 ad
709 2331 822 2406 duros
841 2329 955 2404 Musa
970 2339 1105 2404 vocata
1122 2328 1256 2402 Getes.

373 2445 427 2520 Ut
442 2455 568 2521 minen
587 2446 670 2545 ipse
687 2447 803 2535 vides,
823 2447 944 2519 luctor
960 2444 1149 2518 deducere
1166 2467 1339 2531 versum3

422 2561 500 2636 Sed
517 2586 593 2635 non
610 2561 653 2634 fit
668 2560 746 2635 sato
763 2561 909 2634 mollior
925 2561 988 2635 ille
1006 2583 1103 2634 meo.

371 2676 498 2761 Quum
508 2678 647 2775 relego,
656 2676 854 2776 scripsisse
865 2677 1001 2775 pudet3
1019 2674 1109 2772 quia
1117 2673 1407 2772 plurimaccrno,
1480 2697 1481 2758 l

420 2792 487 2868 Me
506 2817 659 2892 quoque
675 2793 741 2890 qui
759 2792 832 2866 feci
843 2791 988 2889 judice,
1006 2791 1122 2888 digna
1138 2789 1217 2864 lini.
1369 2793 1407 2862 16
1480 2767 1481 2856 l

372 2905 455 2981 Nec
466 2918 593 2983 tamen
604 2907 781 2983 emendo:
794 2908 899 2981 labor
909 2906 970 2980 bie
982 2929 1097 3004 quam
1107 2904 1272 2978 scribere
1283 2907 1408 3004 major,
1480 2907 1481 2998 l

419 3023 608 3122 Mensque
626 3024 705 3124 pati
721 3025 857 3098 durum
876 3023 1036 3096 sustinet
1054 3045 1155 3118 aegra
1170 3019 1278 3095 nihil.

372 3137 527 3214 Scilicet
543 3139 719 3238 incipiam
736 3139 827 3214 lima
844 3136 1055 3213 mordacius
1073 3137 1142 3224 uti,
1480 3217 1481 3232 ἶ

420 3253 472 3328 Et
487 3257 558 3328 sub
572 3255 757 3352 judicium
776 3255 923 3352 singula
939 3255 1054 3328 verba
1070 3253 1228 3327 vocem?
1364 3256 1407 3323 20

369 3367 537 3465 Torquet
549 3369 649 3442 enim
667 3370 817 3445 fortuna
826 3395 971 3468 parum,
984 3367 1055 3442 nisi
1067 3367 1177 3442 Nilus
1191 3369 1230 3442 in
1241 3367 1406 3444 Hebrum

419 3483 620 3557 Confluat?
647 3496 687 3560 et
700 3485 852 3602 frondes
871 3486 1030 3585 Alpibus
1048 3486 1164 3560 addat
1181 3484 1331 3559 Athos?

399 3646 426 3694 2.
440 3644 472 3693 Ut
483 3660 526 3696 tuo
539 3647 626 3710 verm]
645 3647 761 3706 Quamvis
775 3649 864 3700 exsulis
913 3649 981 3716 quasi
991 3647 1232 3708 dicatversumlaaeio
1242 3648 1344 3698 &nune
1353 3659 1404 3694 ma

305 3735 313 3752 ·
366 3727 393 3770 et
401 3717 510 3768 babentia
521 3719 640 3769 Curarem
650 3721 745 3771 iratum.
769 3723 848 3772 Pom.
913 3722 1404 3780 bnuddissimilem‚boeert‚durum;nm
1480 3725 1481 3728 ’

402 3793 555 3844 lhdnimum
565 3797 718 3860 mutanda]
731 3796 801 3846 libet
811 3797 865 3862 qui·
913 3813 951 3846 rea
960 3811 1019 3845 mee
1030 3797 1096 3845 dure
1105 3805 1168 3846 sunt.

367 3866 423 3916 dem
438 3865 559 3932 adplicata
576 3866 681 3916 animum
700 3869 731 3918 ad
746 3869 807 3918 tales
822 3885 865 3919 cu·
951 3871 989 3920 lS.
1002 3870 1158 3935 Dignollni]
1177 3867 1261 3934 Digna
1271 3869 1354 3920 deleri.

366 3955 418 3990 ru:
437 3939 478 3990 aed
496 3957 544 3990 non
561 3939 663 3990 eundem
676 3943 826 4001 contendere,
838 3944 863 3994 id
948 3948 986 3996 19.
1004 3945 1097 3994 Scilicet
1113 3944 1245 4008 incipiam]
1264 3945 1358 4000 Debeo,
1372 3940 1403 3988 in·

366 4023 411 4072 ast,
427 4014 453 4064 in
467 4014 553 4064 talibus
566 4013 628 4063 curia
644 4016 756 4065 adcurate
771 4024 864 4066 etcum
914 4019 974 4084 quit,
985 4017 1119 4068 mordacius
1129 4019 1164 4068 uti
1173 4017 1231 4067 lime
1241 4017 1267 4066 in
1277 4011 1405 4081 corrigendo
1480 4071 1481 4078 χ

366 4089 492 4154 diligentia
507 4087 605 4139 remed.
638 4088 692 4139 Cic.
709 4089 771 4139 dixit
788 4095 864 4141 animo
914 4091 1028 4149 carmine,
1038 4100 1063 4141 et
1073 4083 1405 4154 labonoecircaunumquot·

367 4166 509 4214 menum.
534 4165 615 4214 Posr.
914 4181 962 4231 que
973 4167 1081 4216 verbum
1480 4169 1481 4230 ζ

402 4238 444 4286 lt.
465 4237 517 4287 Meo
528 4237 605 4304 scm]
632 4238 689 4290 Mea
709 4237 864 4290 infelicitate:
947 4239 987 4288 at.
1011 4239 1101 4304 Nilos]
1130 4237 1263 4303 Rescripsit
1291 4233 1403 4288 neimo.
