3020 5106
268 383 507 452 rrmsrruu
531 337 622 450 um.
647 385 709 452 ιν.
734 383 872 484 nuno.
896 387 966 454 1x.
1080 390 1146 456 sor

77 559 142 632 Nil
159 559 220 634 ita
238 559 408 633 sublime
425 569 497 646 ost,
514 582 705 658 supraque
721 559 891 658 pericula
908 560 1042 648 tendit,

126 674 166 748 N
168 699 222 748 on
244 675 301 748 sit
320 686 363 749 ut
379 674 534 749 inferius
553 677 869 774 subpositumque
889 675 984 752 Deo.

78 789 180 865 Nam
201 813 448 888 quamquam
459 791 548 865 vitio
566 815 655 890 pars
670 802 728 868 est
741 801 936 878 contracta
948 794 1143 882 malorum,

126 906 230 980 Plus
247 915 382 981 tamen
400 907 506 981 exitii
519 907 684 981 numinis
703 907 758 980 ira
774 907 892 982 dedit.
1096 915 1146 984 50

76 1022 128 1096 At
144 1043 220 1096 vos
240 1022 431 1096 admoniti
449 1023 588 1114 nostris
605 1047 760 1122 quoque
778 1023 928 1098 casibus
949 1035 1044 1114 este,

126 1137 373 1236 AEquantem
392 1138 560 1237 Superos
578 1139 784 1214 emeruisse
801 1139 934 1214 virum.

445 1629 675 1730 ninom
713 1633 790 1708 rx.

70 1837 128 1911 ‘Sr
148 1839 253 1928 lieet,
276 1851 321 1914 et
339 1840 491 1938 pateris,
508 1866 646 1916 nomeu
664 1841 887 1940 facinusque
904 1844 1053 1934 tacebo,
1091 1825 1112 1885 ¹·

132 1954 184 2029 Et
199 1968 272 2030 tua
293 1955 458 2031 Letbaeis
477 1970 564 2033 aeta
580 1960 772 2034 dabuntur
790 1959 921 2057 aquis3

85 2069 309 2170 Nostraque
323 2072 495 2147 vinoetur
511 2075 689 2172 lacrymis
704 2076 907 2150 clementia
924 2076 1039 2151 seris:

132 2188 208 2263 Fac
227 2189 361 2276 modo,
380 2200 418 2264 te
435 2200 564 2289 pateat
581 2191 801 2290 poenituisse
819 2192 894 2279 tui;

88 2303 160 2380 Fac
178 2307 296 2380 modo
316 2316 355 2379 te
373 2307 542 2394 damnes,
561 2308 772 2407 cupiasque
791 2309 945 2383 eradere
963 2308 1049 2383 vitae
1105 2313 1141 2389 ,5

132 2421 340 2522 Tempora,
360 2423 390 2496 si
410 2425 546 2522 possis,
566 2424 808 2524 Tisiphonaea
824 2435 913 2499 tuae.

116 2784 156 2831 47.
173 2782 279 2847 runnu]
299 2784 375 2833 urna
391 2785 506 2849 periculo,
522 2789 589 2836 velut
671 2789 695 2835 4.
714 2785 850 2836 Pontium
861 2782 917 2848 tua]
935 2783 1081 2834 Poeoituisse
1092 2785 1144 2850 ejus

87 2855 168 2906 onore
188 2865 212 2907 et
235 2857 327 2907 tutiore
348 2856 401 2907 loco
422 2858 524 2924 positum
545 2869 590 2910 est.
639 2859 703 2924 quod
720 2859 745 2908 in
764 2874 803 2908 me
818 2857 904 2908 fecisti.
932 2857 1004 2907 Mna.
1037 2859 1144 2908 Pcemtet

89 2927 186 2979 Tendere
193 2947 236 2996 pro
245 2931 353 2980 tentoria
363 2930 450 2982 habere
460 2929 485 2983 et
502 2932 527 2983 in
542 2933 590 2983 iilis
639 2933 744 3000 aliquem
750 2932 797 2990 sui,
805 2947 878 2998 quum
885 2932 986 2981 consilis
993 2939 1018 2981 et
1027 2930 1091 2980 sacta
1100 2948 1143 2981 sua

88 3000 202 3056 babitare.
218 3005 289 3070 ung.
302 3006 362 3054 AEn.
376 3005 400 3054 ii.
416 3009 504 3056 witin
522 3023 591 3058 nouo
640 3005 747 3063 damnat,
759 3005 852 3071 sibique
863 3004 982 3071 displicet.
1014 3005 1095 3054 Posr.

88 3077 199 3128 tendebat
209 3076 331 3128 Achilles.
342 3078 391 3128 viii.
403 3081 459 3130 605.
470 3083 528 3147 legio
538 3084 591 3132 lotis
672 3083 696 3130 6.
715 3080 824 3144 Tempora
846 3079 1006 3145 Tisiphonea]
1025 3079 1143 3144 Tempora

87 3151 197 3200 undabat
207 3155 232 3201 in
241 3157 314 3201 arnis.
347 3152 495 3204 Vrnroonr.
641 3153 765 3220 flagitiosa,
776 3151 872 3203 furialia
887 3161 913 3202 et
923 3151 1042 3208 nocentia,
1054 3151 1079 3201 id
1097 3161 1142 3212 est,

111 3226 158 3274 '50.
176 3225 234 3275 Pius
258 3237 336 3276 tamen
362 3229 450 3293 aritia]
480 3229 592 3278 Ostendit
641 3229 778 3293 cupiasuon
788 3225 836 3277 dici
846 3241 900 3275 meo
911 3241 989 3283 versu,
997 3241 1089 3292 semper
1100 3227 1141 3277 fle-

90 3313 174 3348 numu
184 3300 208 3350 iu
219 3317 248 3351 so
259 3315 330 3350 suam
340 3300 389 3350 viru
400 3311 424 3351 et
440 3311 590 3370 potestatem,
639 3301 704 3366 gitiis
720 3317 816 3368 operam
830 3300 933 3357 dedisse.
943 3309 969 3350 et
986 3300 1104 3357 nocuisse,
1116 3311 1144 3352 ut

89 3375 149 3438 qnod
166 3391 203 3426 me
220 3393 294 3444 supra
313 3377 424 3427 meritum
445 3376 547 3446 punivit,
567 3386 593 3427 et
639 3376 768 3442 Tisiphone
796 3375 865 3426 iuria.
901 3375 972 3425 Man.
1015 3377 1143 3442 cupiasque

89 3457 200 3512 qnantum
210 3450 323 3500 collibuit
329 3469 337 3512 3
355 3467 402 3501 non
412 3461 528 3518 quantum
538 3467 591 3501 mea
640 3452 733 3499 erodere
743 3454 793 3499 uita
802 3449 911 3512 Tempora
923 3451 1070 3514 respuam.
1089 3453 1144 3504 Hoc

90 3535 148 3571 noxa
156 3525 306 3575 commeruit.
340 3525 418 3576 Posr.
641 3533 684 3582 est,
696 3523 736 3574 fan
753 3533 775 3574 ts
792 3524 902 3582 damnes.
913 3532 938 3574 et
951 3523 1034 3591 cupias
1052 3543 1081 3576 ex
1094 3529 1143 3580 vite

518 3634 520 3644 .
640 3607 682 3647 tun
697 3598 826 3655 eradicare.
844 3599 895 3648 sive
912 3598 1015 3664 penitus,
1032 3601 1052 3650 si
1072 3603 1144 3654 modo

119 3671 142 3719 3.
164 3671 277 3722 Preolnre
301 3673 435 3740 suspicatur
457 3675 590 3724 Burmann.
639 3673 722 3737 possis,
733 3673 823 3730 tollere,
835 3671 860 3721 id
871 3673 935 3738 quod
953 3683 988 3723 ast
999 3673 1143 3740 Tisiphones

92 3741 120 3790 m
138 3753 183 3802 tuo,
193 3747 235 3811 (ut
252 3755 306 3796 erat
323 3745 348 3796 in
365 3747 417 3797 cod.
434 3747 589 3812 lovaniensi)
639 3747 767 3813 proprium,
775 3746 820 3796 hoc
831 3756 875 3806 est,
883 3747 998 3799 invidiam
1004 3759 1028 3799 et
1037 3749 1142 3801 studium

91 3815 126 3863 rei
140 3817 257 3884 i'rnraqroe
268 3824 375 3878 vincetur
384 3823 483 3871 lacrimis
493 3821 588 3872 demon·
639 3820 749 3871 nocendi.
782 3821 842 3872 vel:
868 3822 952 3888 cupias
967 3825 1064 3874 eradere
1081 3832 1143 3874 tern-

93 3887 123 3936 ῑίι
133 3897 196 3951 terim
210 3911 267 3942 narn
281 3909 330 3943 non
341 3895 444 3944 vincitur
454 3894 589 3952 clementia,
639 3895 855 3962 pora'lisiphouea
863 3896 917 3945 vite
926 3896 1143 3964 ture,pro,studens

93 3961 134 4010 uisi
151 3965 251 4025 delictis,
271 3967 315 4016 sed
334 3968 425 4018 sevitia
440 3968 590 4034 deprecando
639 3969 742 4028 abolere,
752 3979 776 4019 et
784 3971 876 4020 exvitae
888 3980 935 4019 tuae
946 3973 1016 4022 rebus
1026 3970 1085 4020 nutis
1096 3972 1141 4019 toi-

92 4043 114 4081 et
133 4037 274 4090 iacnmaudo
297 4049 448 4094 exarmatur:
468 4045 498 4092 ct.
519 4051 544 4091 et
565 4046 589 4090 d.
639 4043 695 4100 iere,
710 4059 739 4092 ea
756 4061 810 4108 quas
828 4047 943 4096 scelerate
960 4042 1087 4111 aliquando
1105 4045 1140 4094 se-

92 4109 212 4228 qqribumm
229 4129 309 4164 errore
327 4113 397 4164 facile
415 4123 589 4182 permutantur.
640 4116 701 4166 cisti.
736 4119 844 4192 Mrcrm

119 4199 198 4236 UH!-
