3020 5106
277 381 514 454 rnrsrmu
536 381 628 452 un.
652 379 716 452 ιν.
740 383 972 468 ennom.
1071 387 1152 476 ¹uer

89 559 177 636 Nec
197 585 322 660 quern
341 559 549 660 praesemes,
567 559 623 636 ita
638 581 698 634 res
716 559 785 634 tibi
803 583 943 659 magna
958 562 1127 651 videbar,

138 675 326 762 Quemve
343 686 448 751 tuum
466 675 599 750 molles
617 697 715 763 esse,
736 676 792 749 vir
810 677 906 752 alter
920 689 1013 754 erut.
1105 685 1155 754 60

89 793 126 868 N
129 819 209 869 unc
241 817 399 893 quoque
425 817 473 868 ne
501 793 656 892 pudeat,
682 792 785 890 quod
816 794 869 868 sis
893 795 985 870 mihi
1017 807 1153 896 nuptu:

252 920 421 1007 tuusque
612 963 623 992 .
683 970 687 980 .

139 1024 237 1100 Non
257 1025 367 1100 dolor
383 1011 472 1100 hinc¹
488 1025 615 1112 debet,
635 1024 752 1100 debet
769 1026 905 1100 abesse
922 1026 1057 1125 pudor.
1174 1007 1179 1030 ⁰

91 1141 224 1228 Quum
245 1142 390 1244 cecidit
404 1143 609 1242 Capaneus
628 1141 754 1216 subito
769 1143 991 1216 temerarius
1008 1144 1101 1233 ictu,

139 1259 254 1334 Num
272 1259 371 1356 legis
390 1257 571 1334 Euadnen
590 1257 785 1332 erubuisse
803 1259 907 1332 viro?

92 1376 127 1449 N
130 1400 189 1464 ec,
208 1376 309 1474 quia
323 1399 391 1450 rex
406 1376 536 1450 mnndi
550 1375 786 1473 compescuit
798 1375 950 1473 ignibus
966 1377 1086 1474 ignes,
1106 1383 1156 1456 65

140 1491 239 1592 Ipse
259 1491 352 1578 tuis,
371 1484 584 1580 Phaethon,
603 1491 827 1566 inficiandus
846 1515 951 1568 eres:

93 1607 128 1680 N
131 1633 176 1683 ec
199 1608 361 1684 Semele
381 1609 527 1684 Cadmo
544 1608 646 1684 facta
662 1619 721 1682 est
738 1608 864 1684 aliene
880 1609 1041 1707 parenti,

143 1723 266 1810 Quod
284 1723 466 1824 precibus
484 1725 598 1825 periit
615 1725 816 1801 ambitioso
832 1725 933 1801 suis:

96 1839 179 1916 Nec
197 1841 288 1929 tibi,
304 1841 410 1939 quod
429 1840 538 1916 srevis
556 1865 628 1939 ego
646 1861 729 1916 sum
747 1841 770 1914 J
773 1841 853 1916 ovis
871 1839 1023 1939 ignibus
1042 1841 1152 1932 ictus,

143 1955 376 2058 Purpureus
391 1959 494 2032 molli
512 1958 580 2032 fiet
596 1958 635 2031 in
653 1981 717 2032 ore
736 1960 869 2034 rubor:
1106 1965 1155 2034 70

98 2073 172 2150 Sed
188 2075 322 2174 magis
341 2075 379 2148 in
394 2075 510 2150 nostri
528 2097 657 2150 curem
675 2098 861 2172 consurge
878 2075 1023 2164 tuendi,

143 2193 463 2291 Exemplumque
480 2192 573 2266 mihi
591 2192 764 2290 conjugis
782 2203 865 2267 esto
883 2193 1013 2281 bonoe3

98 2305 384 2408 Materiemque
402 2310 477 2410 tuis
495 2310 642 2385 tristem
659 2309 861 2385 virtutibus
880 2309 1018 2408 imple:

145 2427 284 2502 Ardua
301 2450 373 2525 per
389 2449 559 2525 praeceps
577 2425 697 2523 gloria
714 2425 827 2502 vadat
844 2425 926 2500 iter.

100 2541 268 2618 Hectora
287 2541 376 2640 quis
394 2552 534 2630 nosset,
555 2543 586 2616 si
605 2541 696 2617 felix
713 2541 830 2640 Trojn
846 2539 1005 2614 fuisset?
1107 2545 1155 2615 75

147 2659 317 2734 Publica
332 2658 460 2732 virtuti
475 2683 543 2758 per
559 2660 660 2735 mala
675 2659 776 2734 facte
792 2659 853 2732 vie
870 2666 940 2733 est.

100 2771 168 2848 Ars
184 2763 266 2863 tue,
280 2773 423 2872 Tiphy,
435 2775 552 2871 jacet,
569 2775 691 2848 sinon
709 2773 813 2848 sitin
829 2795 980 2872 aequore
993 2771 1153 2848 fluctus:

148 2889 188 2964 Si
206 2891 368 2966 valeant
385 2889 567 2979 homines,
588 2915 648 2966 ers
666 2902 743 2978 tua,
763 2889 922 2975 Phoebe,
937 2889 1053 2985 jacet.

102 3003 191 3090 Quae
207 3007 323 3093 latet,
341 3005 462 3103 inque
477 3007 586 3080 bonis
605 3017 731 3082 cessat
747 3029 823 3079 non
843 3005 995 3102 cognita
1011 3006 1136 3093 rebus,

147 3123 328 3223 Adparet
344 3120 462 3194 virtus
481 3122 726 3220 arguiturque
740 3120 865 3196 malis.
1107 3125 1156 3196 80

103 3235 175 3312 Dat
192 3237 265 3312 tibi
285 3245 417 3310 nostra
432 3238 558 3311 locum
576 3236 675 3311 tituli
693 3237 853 3323 fortuna,
872 3245 1067 3335 caputque

148 3353 416 3455 conspicuum
434 3353 558 3452 pietas
576 3378 655 3453 qua
671 3364 738 3428 tua
754 3355 864 3430 tollat
881 3353 1010 3429 hebet.
1148 3373 1152 3394 ¹

132 3573 261 3629 63.οΜ
271 3573 359 3623 oceidit
371 3571 514 3637 Cupencus]
528 3573 606 3640 Ctpt·
656 3573 747 3622 Hnrur.
782 3571 901 3622 Euadnen·
922 3571 1029 3637 Cnptnei
1051 3587 1157 3622 morem.

104 3659 158 3696 nens
170 3647 340 3698 furtunae:
355 3655 446 3712 neptem
458 3647 606 3713 regibusqui
659 3647 782 3696 Emonia·
802 3650 860 3696 viro.
888 3646 943 3703 Pro,
962 3654 1057 3712 propter
1074 3645 1158 3702 virum,

103 3715 192 3772 'Min
208 3722 369 3780 obsederunt,
382 3721 498 3788 superbus
514 3731 538 3772 et
555 3723 607 3773 De·
656 3721 852 3772 nutrimentum.
876 3720 952 3779 Queri
963 3719 1036 3777 dicet,
1047 3717 1158 3767 mentum

104 3809 165 3844 uum
176 3805 328 3849 contemtor:
347 3795 530 3862 quiprorocnns
542 3796 607 3846 toili-
656 3791 1158 3856 etiomintdveninmavitssvedne,quod
1218 3799 1223 3810 ‘

104 3877 140 3918 cet
148 3871 232 3922 Jorem
245 3873 426 3940 munimenque
438 3870 513 3922 invito
523 3878 606 3938 cepto·
657 3869 740 3936 inejur
747 3864 1158 3936 rogumrrdentenrssnimiomore

105 3957 152 3993 run
160 3945 258 3998 'l'hebu
271 3961 301 3996 oe
313 3943 435 4003 minium,
445 3946 471 3994 in
481 3947 605 4010 obpugnt·
657 3944 824 4011 precipitavit.

106 4015 165 4068 tione
176 4020 289 4072 nebunt
301 4017 364 4070 muri
375 4019 460 4070 tJove
468 4020 532 4069 ictus
542 4017 606 4068 ceci·
689 4018 731 4068 66.
750 4018 802 4081 Ipu
815 4019 863 4067 ruis
881 4015 998 4070 Phaethon
1019 4010 1158 4073 infitiatum

106 4089 146 4142 dit·
655 4093 727 4157 erut]
742 4084 1157 4148 ruumrununuumagupoe-

135 4167 175 4216 64.
192 4168 246 4219 Non
268 4166 352 4234 logie]
389 4167 452 4216 Num
473 4183 509 4233 pr.
526 4166 606 4216 Vetic.
657 4167 712 4216 tice.
734 4167 826 4215 Hunc.
915 4190 919 4198 ·

108 4235 319 4312 homimum.
341 4249 365 4290 u
387 4239 434 4290 duo
451 4239 509 4300 niu
534 4241 605 4290 uene.
690 4243 731 4290 cr.
747 4241 794 4288 oar
811 4240 924 4288 πίω-
934 4234 1007 4281 imm
1024 4230 1090 4278 trouu
1101 4230 1155 4295 sor.
