3064 5104
343 371 389 439 66
544 355 558 432 ’,
640 366 681 433 Ρ.
703 363 868 436 OVIDII
891 361 1105 432 Nasutus

346 543 442 631 Quae
458 541 566 618 vobis
583 541 728 628 dicunt,
747 537 928 614 dixerunt
943 536 1048 614 mille
1064 536 1219 638 puellis.
1323 539 1399 612 435

396 655 523 746 Errat,
542 669 583 733 et
600 657 638 730 in
655 655 760 729 nulld
776 651 869 728 sede
886 662 1054 728 moratur
1071 676 1188 728 amor.

350 773 508 851 Femina
525 773 618 873 quid
635 771 763 858 iaciat,
782 791 871 844 cum
887 769 938 842 sit
953 765 1009 842 vir
1025 769 1142 844 levior
1158 767 1264 868 ipsd;

401 890 575 966 Forsitan
592 900 633 966 et
649 889 777 988 plures
795 885 918 992 possit
933 885 1074 960 habere
1088 883 1213 960 virosi

349 1006 425 1081 Vix
443 1005 536 1080 mihi
553 1004 739 1093 credetis;
769 1001 838 1077 sed
855 999 1021 1075 credite:
1049 998 1165 1098 TroJa
1181 1007 1365 1086 maneret,

400 1120 611 1219 Praeceptis
629 1117 771 1192 Priami
789 1117 822 1192 si
839 1115 937 1190 forat
953 1138 1024 1188 usa
1040 1114 1112 1190 sui.
1324 1120 1401 1188 440

350 1237 450 1314 Sunt
465 1238 532 1336 qui
549 1234 723 1312 mendaci
741 1232 869 1332 specie
886 1241 1104 1328 grassentur
1121 1231 1273 1318 amoris,

400 1353 552 1452 Perque
570 1353 698 1427 aditus
715 1353 812 1426 tales
829 1350 936 1423 lucra
952 1347 1132 1446 pudenda
1148 1357 1295 1448 petant.

349 1467 386 1544 N
389 1493 433 1545 ec
450 1493 560 1544 coma
575 1493 642 1544 vos
659 1467 767 1542 fallat
783 1464 931 1563 liquida
949 1462 1177 1538 nitidissima
1193 1464 1334 1538 nardo:

400 1584 484 1660 Neo
502 1585 625 1660 brevis
643 1584 682 1656 in
700 1605 813 1678 rugas
830 1579 983 1676 cingula
999 1601 1131 1677 pressa
1147 1603 1248 1654 suas.

350 1698 387 1775 N
390 1725 434 1776 ec
451 1712 543 1798 toga
559 1699 728 1798 decipiat
744 1699 808 1772 filo
824 1693 1069 1771 tenuissima:
1101 1718 1172 1770 neo
1190 1693 1222 1768 si
1324 1694 1400 1768 445

400 1816 575 1890 Annulus
592 1815 632 1889 in
649 1813 779 1911 digitis
797 1815 893 1890 alter
910 1821 950 1886 et
967 1812 1065 1886 alter
1079 1810 1163 1886 erit.

351 1929 524 2006 Forsitan
541 1954 590 2006 ex
608 1930 742 2004 horum
759 1953 915 2004 numero
932 1927 1167 2002 cultissimus
1185 1926 1249 2002 ille

401 2046 478 2124 Fur
495 2047 563 2138 sit;
592 2057 633 2122 et
648 2056 779 2122 uratur
794 2045 912 2121 vestis
930 2067 1058 2118 amore
1075 2053 1163 2119 tuae.

351 2159 488 2236 Redde
505 2185 645 2249 meum,
664 2162 831 2236 clamant
847 2158 1020 2258 spoliata
1038 2181 1140 2258 saepe
1157 2157 1312 2258 puellae:

402 2276 539 2352 Redde
556 2300 696 2364 meum,
714 2285 797 2352 toto
812 2299 906 2352 voce
922 2276 1062 2350 boante
1079 2275 1170 2350 foro.
1257 2345 1261 2356 ,
1324 2279 1401 2350 450

350 2389 446 2480 Has,
465 2393 609 2480 Venus,
628 2377 834 2491 stampiis,
853 2391 974 2464 multo
991 2389 1226 2464 radiantibus
1244 2414 1349 2478 auro,

401 2506 524 2586 Lenta
539 2508 646 2584 vides
663 2507 764 2595 lites,
780 2504 1054 2605 Appiadesque
1073 2505 1179 2581 Deae.

351 2625 451 2700 Sunt
468 2651 623 2726 quoque
640 2648 715 2700 non
732 2623 850 2698 dubia
869 2621 1044 2718 quaedam
1062 2623 1163 2696 mala
1175 2621 1330 2698 nomina
1345 2622 1400 2698 sa·

401 2742 585 2843 Deceptae
603 2766 626 2816 a
642 2740 774 2816 multis
790 2737 934 2814 crimen
951 2735 1113 2812 amantis
1130 2738 1284 2814 habent.
1298 2740 1398 2838 [mdt

382 2951 441 3000 4⁴1.
460 2951 719 3014 Gmmsmrussoris]
739 2950 851 2998 (ἴτω-
900 2955 982 2998 mento
999 2945 1072 2998 etism
1089 2953 1126 2996 est
1141 2945 1232 2998 dietum
1250 2945 1311 2996 illud
1327 2947 1401 3016 ayne

349 3033 391 3072 tur
405 3023 515 3074 meliores
530 3039 586 3075 cnm
602 3025 679 3092 print
695 3021 809 3073 editione.
825 3029 851 3071 et
900 3020 932 3071 ds
943 3021 1046 3080 Castra
1057 3021 1162 3070 Puerum
1172 3020 1402 3087 nslspminctum

347 3105 430 3159 pssum
439 3097 549 3162 sequenti
558 3113 637 3147 verns.
655 3097 746 3146 Hsrss.
779 3095 852 3145 Gras-
901 3095 1104 3148 cmndnnesss.
1119 3095 1217 3146 Mrorr..
1250 3093 1308 3144 Vid.
1319 3095 1402 3154 Ferus-

349 3171 399 3217 snrs’
408 3183 450 3235 pro
463 3169 556 3218 adulari
566 3169 669 3236 positum
680 3167 800 3219 rideretur
809 3183 851 3219 sn-
900 3171 970 3227 rium,
980 3169 1024 3220 ltu.
1033 3167 1069 3220 iii.
1079 3169 1110 3220 de
1121 3169 1159 3219 Rs
1169 3169 1238 3219 Vsst.
1248 3183 1303 3235 asp.
1311 3169 1338 3218 7.
1350 3171 1402 3235 qui,

351 3241 645 3308 tiquanisiprsoedsret.
677 3243 778 3292 Doom.
900 3253 987 3309 proter
1004 3243 1127 3301 Ovidium,
1145 3242 1265 3293 nerninem
1282 3245 1403 3310 singulm

384 3316 443 3365 4⁴³.
460 3315 852 3383 Namnasauasuqututm'·
901 3315 990 3368 ditius
1007 3324 1084 3368 notat.
1116 3317 1213 3368 Servius
1232 3316 1264 3366 sd
1282 3315 1352 3383 Virg-
1368 3318 1403 3368 ix.

351 3391 463 3439 stam
483 3391 578 3455 sarda]
597 3391 650 3441 Hoc
668 3399 713 3447 est,
730 3401 853 3456 unguento
901 3391 1143 3442 AEnetduoomotst
1152 3389 1403 3457 dussimhnminnrn

353 3461 464 3519 nsrdino,
475 3462 526 3512 sire
536 3463 589 3530 ipss
600 3463 688 3514 nardus
698 3463 790 3522 folieta,
801 3464 852 3516 sive
901 3465 995 3532 pneris
1008 3466 1114 3516 neutrius
1126 3481 1186 3522 essa,
1196 3463 1336 3516 animalium
1347 3479 1404 3516 νοω

352 3535 446 3602 spicata
462 3536 545 3586 inerim
573 3537 610 3587 his
633 3537 697 3587 enim
717 3538 853 3590 nominibus
902 3539 1016 3590 seminino
1035 3555 1122 3606 genere
1145 3539 1203 3598 diei,
1223 3540 1265 3588 iss
1287 3542 1405 3604 singulus.

352 3607 418 3676 spud
431 3607 536 3660 Plinium
546 3610 706 3677 distinguitur.
720 3639 723 3644 ·
738 3613 835 3666 Mrcrr..
902 3615 991 3664 Buarr.

372 3683 443 3732 .444.
460 3682 510 3732 Neu
528 3686 599 3734 trevis
619 3688 646 3734 ἐπ
665 3701 738 3752 rugus
756 3689 852 3754 cingulo
935 3689 994 3738 462.
1011 3689 1166 3752 Appiadesque
1176 3686 1251 3750 Dm]
1270 3687 1420 3740 unnim

351 3757 510 3822 prensum
530 3757 800 3825 Cinguinrstrsuernhio
811 3777 852 3812 ex-
903 3779 951 3812 non
970 3777 1012 3828 per
1030 3761 1153 3829 Appiades
1174 3761 1249 3818 Deus.
1266 3761 1404 3829 Nymphis,

352 3838 452 3896 munt,
471 3846 525 3894 qun
542 3841 634 3882 vestem
651 3833 727 3900 ipsam
746 3842 810 3884 uere
826 3851 853 3884 s·
902 3852 1003 3902 quarum
1023 3843 1108 3886 statne
1128 3836 1160 3884 sd
1181 3835 1278 3900 Aquam
1296 3836 1404 3902 Appium

352 3903 460 3968 stringat,
477 3904 604 3972 pluresque
622 3921 693 3972 rugus
708 3907 759 3957 sire
778 3907 854 3974 plinus
902 3907 1201 3976 positnersntintelligat.
1211 3909 1403 3960 sdiouteseninr

351 3975 434 4028 isoiat.
452 3985 479 4028 ut
488 3977 519 4026 sit
529 3981 634 4044 etquis,
644 3995 698 4044 qus
709 3979 769 4031 nlius
778 3996 851 4046 equo-
901 3993 926 4033 et
934 3999 1049 4049 squamrn
1057 3983 1143 4034 ductus
1151 3990 1236 4033 ststuss
1245 3983 1405 4048 ponebantur.

351 4067 405 4101 rum
423 4066 451 4102 so
467 4053 628 4118 jumentorum
644 4054 736 4120 propris
750 4064 795 4112 est,
808 4071 852 4121 pro
901 4058 990 4106 Banu.

349 4127 444 4191 cingulo
453 4125 503 4184 sire
514 4126 595 4176 cinctu
605 4127 690 4194 posits.
710 4128 797 4178 Solitos
806 4143 850 4180 su·
933 4133 990 4182 463.
1007 4131 1069 4180 Sunt
1077 4147 1163 4196 minoas
1176 4147 1222 4180 nun
1236 4129 1329 4193 dauid]
1355 4129 1403 4179 Io·

349 4209 399 4252 tem
426 4200 490 4268 cingi
510 4199 632 4253 Romanos
653 4210 753 4263 veteres,
780 4219 851 4270 argu·
900 4222 943 4257 cus
963 4205 1096 4265 intricatus,
1115 4213 1140 4256 et
1160 4205 1229 4272 cujus
1248 4219 1345 4255 sensum
1363 4203 1404 4254 ris
