3064 5104
347 355 392 422 36
641 357 680 420 l’.
704 349 866 421 ovlnlr
892 355 1105 422 NASONIS

353 529 425 602 Dio
456 529 632 617 habilem,
660 553 911 626 quaecumque
941 531 1082 618 brevis3
1118 553 1205 626 qum
1235 532 1397 627 turgida,

402 643 453 718 Et
466 646 581 720 latent
598 647 727 720 vitium
745 645 985 744 proximitate
1004 646 1106 718 boni.
1207 646 1394 744 [plenam:

352 760 387 832 N
390 785 434 834 ec
452 773 591 858 quotus
608 787 728 836 annus
743 773 818 849 ent,
837 785 907 836 neo
924 786 1002 860 quo
1020 763 1070 836 sit
1087 773 1176 836 nuta
1192 762 1342 860 require

403 877 586 952 Consule:
616 901 701 976 quae
719 879 861 974 rigidus
878 901 1034 952 munera
1052 877 1197 952 Censor
1214 879 1342 954 hebet.

352 990 561 1090 Praecipue,
580 993 613 1066 si
630 993 721 1066 flore
738 1005 854 1080 curet,
874 993 1085 1091 meliusque
1103 1007 1299 1092 peractum
1325 999 1398 1069 665

401 1105 587 1207 Tempus;
615 1119 655 1182 et
671 1108 842 1182 albentes
855 1111 935 1206 jum
954 1108 1046 1205 legit
1062 1109 1128 1184 ills
1143 1133 1285 1183 comas.

355 1221 480 1311 Utilis,
498 1226 523 1297 ὁ
535 1227 716 1322 juvenes!
743 1237 810 1298 aut
825 1225 919 1311 lraec,
939 1233 1005 1299 nut
1020 1225 1138 1298 serior
1155 1237 1260 1300 aetos.

403 1337 482 1414 Iste
498 1340 593 1415 feret
609 1353 780 1438 segetes;
810 1343 881 1416 iste
900 1341 1080 1416 serendus
1099 1365 1201 1438 ager.

353 1451 455 1527 Dum
469 1457 565 1530 vires
583 1457 748 1555 annique
766 1458 904 1544 sinunt,
924 1458 1080 1532 tolerate
1096 1458 1267 1532 labores:

400 1569 424 1642 J
427 1594 487 1644 am
505 1573 630 1646 veniet
646 1574 762 1646 tnoito
779 1595 895 1646 curva
909 1585 1065 1651 senecta
1080 1573 1191 1672 pede.
1326 1576 1399 1644 670

351 1683 430 1758 Aut
447 1709 549 1760 mare
566 1688 744 1784 remigiis,
764 1699 830 1762 aut
845 1711 995 1762 vomere
1011 1689 1142 1762 findite
1159 1699 1299 1775 terros;

401 1797 478 1872 Aut
494 1800 573 1874 fera
589 1802 789 1898 belligeras
807 1803 935 1878 addite
953 1804 991 1878 in
1009 1827 1113 1878 mma
1129 1829 1283 1878 munus:

352 1912 431 1986 Aut
446 1914 558 2001 latus,
576 1927 617 1990 et
632 1917 743 2003 vires,
759 1941 989 2016 operumque
1007 1919 1150 1994 adferte
1167 1920 1317 2019 puellis.

403 2027 488 2103 Hoc
498 2033 886 2130 quoquemilitiaeest:
911 2035 981 2108 hoc
989 2035 1284 2134 quoquequoerit
1292 2057 1397 2133 opes.

353 2186 418 2236 tiosis
438 2187 513 2237 oculis
528 2188 604 2238 Nm.
627 2191 694 2256 utqui
713 2193 769 2257 peti
789 2191 852 2240 oculi
901 2193 997 2257 etsisos
1011 2207 1053 2258 pro
1069 2191 1160 2240 diverse
1175 2191 1288 2240 lectione.
1321 2187 1399 2239 Arou-

354 2275 437 2324 psrum
457 2259 534 2312 vitiosi
554 2273 619 2322 suut,
639 2281 698 2329 quos
716 2266 742 2314 iu
759 2265 852 2316 Venere
901 2265 1120 2332 delienusstom
1136 2265 1255 2316 secundus
1264 2264 1402 2314 Ambrosiu-

352 2343 474 2401 tantopere
488 2337 663 2387 commendatos
674 2338 746 2388 luisse
760 2349 853 2390 constet
903 2355 947 2389 nus
955 2357 1038 2402 mono.
1057 2339 1161 2405 proxime
1177 2355 1268 2388 rerum.
1286 2347 1324 2388 est
1337 2339 1401 2388 eninr

354 2410 385 2458 sb
395 2409 447 2476 ipso
459 2409 553 2470 Poride,
563 2413 658 2478 egregio
674 2413 717 2462 illo
726 2414 852 2464 lormsmm
902 2431 959 2463 ross
969 2415 1104 2480 legendum.
1120 2414 1325 2464 mutuom
1335 2425 1401 2462 rau·

352 2493 494 2549 spectatore.
517 2485 604 2535 Noster
610 2486 734 2536 Remediis
745 2487 850 2538 Amoris:
901 2487 1049 2540 durissimum
1065 2495 1145 2538 nostre
1156 2487 1271 2536 industris
1276 2487 1330 2553 jum
1340 2488 1401 2536 beue

387 2559 450 2607 Petu
460 2563 501 2608 sud
512 2558 572 2609 ideo
575 2563 658 2624 judice
671 2561 753 2624 Cyprio
763 2573 821 2612 erut.
901 2575 926 2610 se
937 2561 1038 2611 hebere:

352 2631 416 2681 Hine
441 2632 582 2700 psdoperdtk
607 2633 738 2701 Ἀφροδίτη
763 2636 852 2702 passim
934 2637 960 2685 Si
976 2639 1121 2700 warado,
1138 2645 1170 2684 est
1185 2635 1267 2684 Veneri
1283 2636 1401 2691 intimo

353 2705 445 2755 Grecis
454 2707 541 2772 poesin
568 2707 670 2758 Seduee
680 2709 735 2758 flavi
745 2710 808 2760 oculi
816 2709 851 2758 vi·
966 2727 1031 2767 ruos,
1045 2709 1163 2759 Miseros.

352 2779 415 2837 tiosi,
436 2781 484 2830 imo
511 2781 536 2830 in
558 2781 658 2832 Pullsde
682 2783 851 2834 lsudsbsntur.
901 2783 1022 2833 Autsicui
1032 2799 1114 2833 serem
1124 2781 1287 2847 psulodurius
1298 2781 1400 2838 ridetur,

351 2869 424 2919 quere
434 2863 460 2904 et
469 2857 614 2921 γλακῦπις
622 2857 666 2905 ills
676 2858 778 2906 Homero
788 2858 852 2907 eliis·
902 2866 929 2906 nt
940 2867 976 2906 est
987 2859 1108 2914 rereru,is
1123 2857 1179 2906 lieet
1196 2863 1294 2922 reponet
1305 2871 1344 2905 me
1354 2871 1400 2905 uos

351 2943 400 2992 que
427 2928 614 2992 frequentissime
643 2929 718 2978 diets.
763 2932 853 2980 Auctor
901 2931 1036 2984 obnitente:

355 3001 525 3066 Priapejorum,
536 3001 642 3050 Miseros
644 3003 711 3067 floro
719 3005 852 3061 lustina,
936 3003 961 3052 δι’
978 3005 1063 3060 κτὼ,
1078 3003 1202 3053 21·er
1219 3003 1307 3060 similis,
1322 3007 1343 3051 si
1351 3004 1401 3067 fis·

357 3073 431 3122 Venus
451 3083 518 3136 pto.
546 3075 609 3140 quod
631 3077 655 3124 in
676 3084 777 3140 umque
802 3076 853 3124 illic
968 3077 1125 3126 sellim.

353 3143 479 3209 pulchrum
495 3145 597 3195 ducitur.
631 3146 698 3205 Quid
718 3151 792 3212 ergul
818 3151 853 3200 Τὸ
903 3149 1027 3207 Quomodo
1045 3151 1166 3200 Neronem
1189 3149 1257 3198 nobis
1279 3150 1401 3215 torqui-e

352 3227 411 3276 peto
427 3217 452 3265 in
469 3219 612 3268 membrunis
622 3220 790 3270 venustioribus
806 3237 852 3271 non
902 3223 1070 3290 propemodum
1088 3223 1238 3290 permsdstm
1253 3233 1281 3273 ut
1296 3225 1401 3274 medum.

353 3298 484 3354 comperet.
494 3308 538 3356 pro
548 3307 596 3357 quo
606 3309 681 3342 muns
691 3293 806 3359 plerique,
814 3297 852 3347 rel
902 3297 992 3348 Herus.

350 3377 440 3426 grosso
458 3364 754 3423 announcement
771 3383 852 3418 meen-
934 3373 991 3421 664.
1010 3371 1110 3421 stum
1127 3373 1210 3421 essm
1226 3371 1314 3434 held-J
1335 3371 1401 3425 ‘ltre-

353 3435 432 3484 tiores.
457 3435 531 3485 codes
553 3437 646 3502 Regius
665 3440 770 3488 omnium
791 3442 851 3492 unti-
902 3463 952 3495 rere
969 3464 1047 3496 assor
1063 3445 1245 3512 Nespdituuus·
1267 3461 1315 3494 non
1330 3445 1402 3502 mle·

353 3508 489 3573 quissimus,
500 3511 525 3558 st
534 3515 650 3560 misus
664 3513 756 3562 Verteris
765 3519 852 3566 onitu.
902 3519 947 3568 uisi
957 3521 1017 3570 sorte
1033 3521 1125 3578 melius,
1136 3535 1184 3582 que
1199 3522 1290 3585 tigillus
1304 3535 1403 3582 ortum

353 3582 426 3630 etism
436 3583 556 3632 mendose.
591 3584 653 3634 Mihi
664 3585 853 3640 dubiumvisest
904 3594 987 3642 Censor
995 3604 1064 3644 ussus.
1081 3595 1197 3644 Gruterus
1205 3594 1339 3658 eonjeoeret
1349 3595 1402 3642 edit.

354 3655 474 3704 Nasonem
488 3655 615 3722 scripsisse,
627 3660 652 3707 Si
664 3678 708 3724 quo
722 3666 798 3712 mola
811 3677 852 3724 est,
903 3667 970 3732 qussi
981 3669 1059 3718 miuus
1067 3669 1177 3718 hunum
1185 3675 1255 3724 eust,
1264 3669 1401 3717 mers·

357 3729 438 3778 Veneri
447 3733 533 3779 similis.
544 3731 644 3781 subsudi
653 3737 690 3791 sr't,
698 3735 762 3800 quod
771 3741 851 3804 sequi·
904 3757 955 3790 nus.
971 3741 1013 3790 sed
1025 3741 1059 3790 its
1069 3751 1094 3790 et
1104 3741 1189 3792 Cicero
1200 3740 1245 3790 lib.
1255 3741 1280 3789 ii.
1292 3741 1324 3790 de
1332 3741 1401 3807 legi·

354 3813 392 3852 tur
415 3802 520 3868 proximo
541 3813 696 3870 pentametro.
729 3809 809 3858 struto
829 3821 854 3863 et
902 3813 957 3862 bns.
971 3816 994 3862 ³.
1030 3815 1152 3878 Trisrqnun
1171 3817 1196 3863 id
1210 3815 1315 3866 lauans
1331 3819 1403 3879 opo-is

354 3879 443 3926 strutus
452 3875 575 3926 dicebatur
586 3879 685 3937 Latinis,
699 3885 852 3945 quemudmo·
902 3891 1092 3944 remouerique
1102 3889 1161 3937 hoto
1178 3889 1240 3944 nobis
1256 3887 1354 3952 efficeret
1369 3907 1403 3938 ss-

354 3951 412 3999 dum
428 3951 520 4000 Grecis
538 3951 647 4016 στραβὸς
664 3957 705 4002 sni
726 3957 851 4020 στραβύν.
901 3963 951 4008 dem
970 3964 1000 4008 od
1021 3965 1191 4024 disputandum.
1214 3960 1256 4011 sed
1274 3971 1300 4010 et
1318 3963 1401 4012 hune

355 4023 467 4072 Nuuede
479 4024 729 4076 lllinervsrideamm.
740 4034 851 4094 profluos
902 4031 989 4082 dieitur
1004 4035 1070 4082 ludeo
1087 4051 1193 4098 mm,
1208 4034 1229 4082 si
1247 4035 1401 4101 Nespolitsni

354 4097 429 4163 prime
435 4095 509 4146 editio
515 4113 569 4146 cum
580 4113 620 4148 sex
632 4108 751 4166 septemve
758 4104 851 4169 scriptis
902 4105 990 4154 codicis
1000 4107 1139 4172 scripturum
1150 4107 1217 4172 sequi
1228 4107 1295 4158 libet.
1313 4110 1401 4159 Bonis.

350 4171 610 4234 perempturum
630 4174 733 4238 optimus
750 4175 848 4240 Regius,
