3064 5104
314 363 358 428 64
615 362 839 430 P.·0vln11
865 365 1076 452 NASONIS

316 535 439 611 Visite
456 537 678 612 turicremas
695 560 819 612 vaccae
836 537 1111 638 Memphitidos
1130 565 1231 618 aras:

366 651 490 728 Visite
506 653 722 751 conspicuis
738 663 847 728 terna
864 653 1013 728 theatra
1030 655 1137 731 locis.

317 769 548 869 Spectentur
562 767 692 868 tepido
705 763 907 844 maculosae
924 771 1109 865 sanguine
1128 795 1272 862 arenae3
1293 776 1367 850 395

300 879 306 892 ⁸
368 885 554 984 Metaque
570 884 729 960 ferventi
747 885 978 961 circueunda
995 887 1089 960 roth.

317 1004 431 1091 Quod
447 1005 554 1086 latet.
567 1003 743 1099 ignotum
761 1014 833 1089 est,
852 1003 970 1098 ignoti
989 1004 1096 1076 nulla
1110 1003 1263 1101 cupid0.

368 1121 529 1195 Fructus
548 1121 669 1205 abest,
688 1117 803 1194 facies
821 1143 909 1192 curn
926 1120 1028 1193 bona
1043 1129 1144 1194 teste
1162 1129 1278 1192 caret.

317 1234 375 1309 'l'u
393 1236 484 1310 licet
500 1245 541 1309 et
556 1233 772 1332 Thamyran
791 1257 959 1332 superes,
976 1244 1016 1308 et
1033 1225 1222 1322 Amoebea'
1234 1244 1365 1323 cantu3

369 1351 457 1428 Non
475 1351 547 1427 erit
563 1351 701 1448 ignotae
720 1351 841 1446 gratia
858 1371 996 1444 magna
1012 1350 1116 1448 lyrae.
1292 1355 1369 1424 400

319 1469 361 1543 Si
379 1467 567 1543 Venerem
586 1467 690 1540 Cous
707 1487 895 1562 nusquam
913 1464 1105 1562 posuisset
1123 1466 1298 1563 Apelles;

370 1583 499 1660 Mersa
515 1585 587 1657 sub
604 1582 789 1679 aequoreis
806 1583 871 1656 illa
887 1582 1023 1656 lateret
1041 1581 1163 1678 aquis.

319 1700 421 1796 Quid
440 1701 581 1800 petitur
598 1700 727 1784 sacris,
748 1698 818 1772 nisi
836 1708 986 1772 tantum
1004 1697 1115 1783 fama,
1135 1696 1283 1795 politis?

371 1817 456 1891 Hoc
474 1828 602 1890 votum
621 1815 739 1889 nostri
759 1838 905 1889 summa
923 1813 1062 1887 laboris
1080 1813 1207 1886 habet.

321 1935 426 2007 Cura
443 1933 594 2006 Ducum
611 1931 764 2006 fuerunt
781 1932 871 2006 olim
890 1929 1118 2027 Regumque
1136 1928 1274 2026 poetae:
1295 1931 1371 2000 405

372 2048 611 2146 Praemiaque
629 2049 774 2145 antiqui
793 2071 931 2142 magna
947 2046 1069 2120 tulere
1085 2045 1200 2118 chori.

259 2236 263 2242 ,
323 2165 543 2261 Sanctaque
561 2165 753 2262 majestas,
772 2173 812 2237 et
829 2173 910 2237 erat
926 2160 1139 2236 venerabile
1157 2181 1295 2234 nomeu

373 2279 553 2355 Vatibus:
582 2291 622 2364 et
639 2280 752 2376 largae
771 2301 873 2375 saepe
891 2277 1079 2350 dabantur
1096 2298 1202 2374 opes.

323 2393 469 2470 Ennius
486 2394 659 2481 emeruit,
680 2391 852 2468 Calabris
870 2392 909 2464 in
927 2391 1119 2467 montibus
1137 2401 1253 2477 onus,

374 2510 585 2608 Contiguus
604 2510 705 2610 poni,
725 2509 855 2608 Scipio
873 2533 1025 2606 magne,
1041 2507 1125 2586 tibi.
1297 2511 1372 2584 410

322 2627 359 2701 N
362 2651 436 2703 unc
451 2627 573 2704 ederae
589 2627 670 2702 sine
684 2626 823 2700 honore
833 2626 982 2724 jacent:
1004 2631 1236 2721 operataque
1246 2621 1372 2698 doctis

336 2751 340 2758 ’
375 2745 477 2820 Oura
492 2745 582 2843 vigil
600 2743 724 2822 Musis
743 2767 880 2820 nomen
900 2740 1031 2818 inertis
1049 2740 1177 2818 babet.

356 3091 414 3142 ³96.
432 3083 562 3157 Metaque]
581 3091 634 3142 lloc
648 3101 685 3143 eet
696 3093 789 3151 Circus,
799 3091 824 3141 in
873 3089 953 3153 οὺδεῖς
962 3093 1047 3160 λόγος.
1080 3091 1171 3141 Buarr.
1203 3107 1206 3110 ·

323 3181 373 3230 quo
385 3165 444 3214 ludi
461 3167 586 3216 Circenses
606 3175 679 3232 atque
697 3168 825 3233 Equestres
907 3169 965 3216 400.
985 3167 1048 3215 Cara
1067 3165 1160 3214 Ducum
1170 3163 1295 3230 fumat]
1314 3162 1376 3212 Poe'-

324 3239 422 3288 hebent.
454 3239 551 3290 Minae.
874 3237 1377 3290 molimducibascumfninel’ausanin

337 3311 416 3360 ,0.09.
444 3311 576 3378 llemyrnn
591 3327 681 3376 raperes
694 3323 763 3376 atqcue
781 3315 825 3362 Or·
875 3313 981 3363 docetin
991 3312 1080 3361 Atticis
1089 3310 1203 3377 exemplo
1215 3309 1342 3359 Philoxeni
1353 3317 1378 3360 et

322 3387 381 3449 phur
391 3388 484 3451 costa]
505 3388 650 3438 Eanum
660 3385 741 3453 scripti
751 3393 826 3453 potio-
875 3387 954 3437 Arati.
987 3387 1027 3436 Sic
1044 3383 1170 3452 Euripides
1184 3383 1305 3434 Archelao
1321 3383 1378 3432 Ma·

324 3475 427 3508 reacurn
443 3459 520 3525 priml
531 3459 645 3510 editione.
680 3461 734 3510 Fuit
745 3469 826 3511 autern
876 3459 981 3511 cedoniss
997 3460 1056 3524 regi,
1066 3459 1193 3508 Anacreon
1203 3455 1324 3521 Polycrati
1334 3455 1378 3506 Sa·

324 3533 458 3582 Amoebeus
484 3534 639 3584 Citharoedus
672 3535 827 3586 Atheniensis
875 3535 932 3591 mio,
951 3532 1093 3590 Simonides,
1112 3530 1239 3587 Pindarus,
1256 3529 1380 3579 Bacchili·

324 3607 407 3672 megui
423 3608 533 3666 nominis,
549 3609 618 3674 cujus
634 3609 777 3660 exAristese
795 3611 826 3662 de
876 3611 919 3659 des
934 3607 1035 3658 Hieroni
1055 3605 1143 3656 Sicilie
1161 3613 1279 3670 tyranno:
1304 3604 1378 3654 iidem

325 3680 471 3730 Citharoedis
489 3681 548 3731 libro
567 3682 675 3731 meminit
694 3683 825 3734 Athenarus
874 3687 969 3752 quoque
981 3682 1114 3738 Anacreon,
1126 3691 1151 3730 et
1166 3677 1300 3728 Simonides
1316 3678 1378 3746 Hip-

324 3754 369 3804 lib.
381 3754 431 3804 xiv.
440 3755 531 3804 ‘Zenoni
541 3765 688 3806 castaneum
697 3756 754 3806 lacit
765 3758 824 3808 Plu·
875 3755 963 3826 parcho
974 3755 1090 3806 Pisistrsu'
1108 3755 1157 3804 lilio
1173 3752 1288 3804 carissimi
1305 3751 1381 3802 luere.

325 3828 422 3878 tarchua
448 3831 504 3895 ampl
530 3834 577 3891 τῆς
605 3829 693 3890 Adustis
723 3831 825 3896 ἀρετῆς.
875 3834 909 3882 At
920 3831 981 3881 Cato
991 3831 1017 3879 in
1027 3831 1142 3880 Oratione
1153 3830 1192 3878 M.
1206 3826 1326 3876 Nobiliori
1336 3828 1378 3876 ob·

325 3904 416 3953 Herus.
696 3969 699 3975 Δ
873 3908 937 3974 jicit,
966 3903 1154 3970 quodPoiitarn
1181 3904 1207 3952 in
1228 3901 1380 3952 Provinciam

356 3979 415 4028 400.
433 3976 520 4043 lgartae
536 3981 615 4043 gratia
632 3995 715 4044 megae
732 3979 824 4042 Lyra]
876 3979 992 4036 duxisset,
1013 3979 1055 4044 qui
1084 3978 1188 4028 Ennium
1213 3991 1242 4025 eo
1269 3974 1380 4025 duxerat.

326 4053 423 4104 Adlusit
432 4051 464 4102 ad
476 4052 621 4102 notissimum
628 4054 765 4103 Graecorum
773 4068 827 4118 pro·
877 4053 932 4103 vide
947 4053 1027 4102 Cicer.
1043 4051 1086 4101 lib.
1102 4051 1179 4118 primo
1194 4049 1268 4099 Tunc.
1287 4051 1380 4108 Queat.

326 4129 441 4186 verbium,
455 4131 503 4190 τῆς
516 4127 693 4187 λανθανούσης
706 4131 826 4192 μουσικῆς
877 4124 1002 4193 principio.
1035 4125 1125 4175 limus.
