3064 5104
333 303 355 366 2
616 303 655 366 P.
679 299 841 368 ovlnn
865 297 1079 366 NASONIS

339 473 421 548 Nec
441 473 562 546 minor
579 483 638 547 est
654 474 782 560 virtus,
798 497 912 570 quam
930 495 1112 570 quaerere,
1131 483 1241 571 parta
1258 474 1373 547 tueri.

389 588 513 662 Casus
532 589 630 663 inest
647 589 740 663 illic:
769 589 829 662 liic
848 591 918 664 erit
935 589 1025 662 artis
1042 613 1150 688 opus.

340 703 452 777 Nunc
471 703 574 788 milii,
594 705 624 778 si
643 703 929 825 quandobPuer
946 717 985 778 et
1002 701 1205 802 Cytherea,
1225 701 1374 776 favete:

391 817 427 890 N
433 841 506 891 une
527 816 662 894 Erato:
692 843 778 892 nam
796 827 836 891 tu
856 841 990 892 nomen
1005 819 1141 892 amoris
1160 819 1292 892 habes.
1344 822 1391 892 16

341 931 484 1030 Magna
495 957 602 1031 paro;
623 959 719 1032 quas
732 935 852 1034 possit
868 935 984 1008 Amor
998 957 1189 1009 remanere
1203 957 1272 1032 per
1283 945 1388 1008 artes

392 1049 541 1136 Dicere,
560 1059 637 1124 tam
654 1062 761 1124 vasto
778 1073 963 1148 pervagus
981 1051 1071 1124 orbe
1089 1072 1195 1148 puer.

341 1162 391 1238 Et
408 1165 499 1238 levis
518 1177 588 1254 est,
604 1177 644 1242 et
661 1167 776 1242 habet
790 1167 972 1262 geminas,
988 1166 1127 1262 quibus
1142 1165 1276 1250 evolet,
1290 1166 1385 1238 alas.

391 1281 551 1356 Difficile
569 1294 628 1357 est
645 1283 717 1356 illis
736 1282 960 1382 imposuisse
978 1282 1143 1354 modum.
1335 1285 1388 1352 20

340 1393 509 1495 Hospitis
527 1397 666 1496 effugio
684 1407 952 1499 praestruxerat
969 1395 1096 1470 omnia
1114 1393 1254 1466 Minos.

390 1511 584 1588 Audacem
603 1514 736 1611 pennis
754 1511 894 1612 reperit
912 1511 973 1584 ille
990 1511 1100 1584 viam.

340 1625 519 1702 Daedalus
538 1639 579 1702 ut
596 1629 732 1702 clausit
749 1639 974 1728 conceptum
993 1627 1147 1700 crimine
1165 1625 1294 1700 matris

390 1742 706 1843 Semibovemque
718 1747 855 1831 virum,
874 1743 1165 1838 semivirumque
1183 1741 1339 1827 bovem;

341 1855 400 1930 Sit
417 1859 551 1932 modus
569 1862 714 1950 exsilio,
733 1863 842 1948 dixit,
856 1860 1067 1958 justissime
1085 1856 1233 1930 Minos:
1334 1859 1384 1928 25

390 1970 565 2072 Accipiat
581 1976 725 2052 cineres
743 1989 842 2052 terra
858 1987 1014 2075 paterna
1031 1997 1147 2048 meos.

343 2082 392 2158 Et
409 2090 586 2184 quoniam
604 2092 641 2164 in
661 2094 797 2190 patriti,
815 2091 901 2166 satis
919 2091 1082 2187 agitatus
1100 2088 1251 2184 iniquis,

392 2201 525 2280 Vivere
543 2231 618 2280 non
636 2209 753 2306 potui,
773 2209 822 2282 sit
839 2208 929 2282 mihi
948 2229 1059 2306 posse
1078 2203 1183 2278 mori.
1251 2290 1258 2304 ι

376 2419 413 2466 16·
432 2419 509 2478 Nunc,
532 2423 612 2480 Erato,
629 2422 689 2488 dre]
714 2424 770 2472 Non
783 2423 837 2472 ideo
887 2419 1101 2472 numemreetiua.
1118 2433 1173 2466 uam
1186 2418 1382 2466 cluuntmoue-

340 2499 432 2542 tantum
451 2495 546 2544 Musam
566 2495 628 2545 hanc
650 2497 717 2545 Naso
734 2498 837 2554 invocat,
887 2493 974 2560 quitur.
1007 2492 1123 2542 Dedalua
1134 2491 1185 2557 ipse
1203 2491 1244 2539 lib.
1260 2490 1308 2538 viii.
1320 2491 1382 2538 Met.

341 2565 398 2630 quia
409 2581 493 2617 nomen
504 2569 535 2618 ab
551 2569 649 2626 Amore,
661 2569 715 2620 ἀπὸ
725 2573 769 2622 τοῦ
779 2571 837 2636 ἔρυ-
891 2571 944 2619 185.
954 2569 984 2618 de
995 2567 1145 2616 Minotauro:

342 2658 392 2700 τος,
416 2650 441 2690 et
463 2642 569 2692 versibus
591 2653 675 2710 preest
704 2643 837 2702 amatoriin;
920 2641 1101 2688 -Yerrur
1112 2641 1174 2696 lieet,
1186 2640 1268 2700 inquit,
1279 2649 1301 2685 et
1312 2641 1386 2685 endas

339 2713 382 2764 aed
397 2715 454 2780 quia
468 2715 539 2764 bellis
554 2717 637 2774 etiam,
654 2733 708 2784 qun
725 2733 770 2766 non
786 2733 838 2765 rara
922 2717 1044 2764 Otatmr:
1061 2724 1086 2761 ut
1096 2715 1176 2762 culam
1189 2721 1331 2773 cmopetet.
1342 2713 1383 2759 ibi-

340 2786 526 2838 interementes
541 2801 692 2855 enmurgumt.
723 2792 763 2840 Sic
777 2805 837 2856 prn-
952 2791 1082 2838 armillae:

339 2860 373 2910 lia
384 2862 489 2912 dicturus
498 2865 575 2922 Maro,
587 2881 640 2930 quae
649 2881 679 2914 ex
689 2881 768 2914 amore
778 2865 838 2912 Tur·
922 2863 1003 2912 Omnia
1020 2864 1138 2925 possideat,
1157 2877 1202 2908 noa
1219 2861 1316 2922 posn'daet
1330 2861 1386 2906 ιιὲτιι

342 2934 366 2982 ni
378 2941 403 2983 et
414 2937 497 2986 ΕΜ
509 2938 533 2984 in
545 2937 667 2987 Lauiniam
678 2945 768 2994 exortu,
780 2937 838 2986 Era-
954 2937 1038 2986 Minor.
1263 2933 1352 2983 Herna.

342 3017 375 3064 to,
393 3025 439 3058 non
461 3009 597 3075 Calliopen,
617 3011 642 3060 in
664 3011 726 3060 lianc
747 3019 838 3075 partem
922 3009 1022 3072 Hospitis
1032 3006 1196 3075 effugio,&c.]
1216 3006 1385 3072 Dedalai,qui

343 3082 421 3147 operia
433 3082 522 3132 sociam
537 3083 653 3134 advocat:
672 3083 727 3134 vide
742 3082 839 3132 AEueid.
888 3079 1032 3132 adMinniinr
1044 3081 1190 3144 ouulugerat,
1198 3079 1276 3143 eapite
1284 3077 1384 3129 damna·

342 3154 429 3204 librum
437 3155 479 3205 vii.
490 3157 537 3204 ³7:
889 3163 927 3204 tua
938 3157 968 3204 ab
984 3157 1117 3221 Areopago,
1131 3155 1162 3201 ob
1178 3152 1283 3202 ooeisuru
1299 3151 1386 3202 sororia

377 3229 448 3278 Nunc
469 3246 521 3296 ugo,
539 3232 579 3292 qui
601 3245 671 3294 ugos,
694 3229 774 3286 Erato,
790 3245 839 3292 que
890 3227 963 3278 filiun
980 3231 1089 3284 l'nlauru,
1106 3226 1148 3292 qui
1167 3241 1214 3274 non
1230 3225 1345 3290 imparem
1361 3243 1386 3276 ae

408 3313 506 3366 teme
517 3319 604 3352 rerum.
889 3303 1008 3368 quondam
1020 3303 1044 3352 in
1050 3309 1110 3356 arte,
1116 3315 1164 3364 qua
1170 3298 1321 3366 precellebat
1328 3301 1385 3349 1)ae-

378 3378 417 3426 18.
436 3377 496 3426 Orda
504 3377 584 3440 prun]
605 3375 670 3433 Tum,
680 3375 710 3424 ad
718 3391 840 3441 μαψ,
889 3375 1078 3435 ᾶιΙιιι,ίπωωιιι
1089 3375 1233 3424 minabatur.
1258 3374 1385 3424 Dandum

344 3449 708 3500 auaduoatoorlrrelereuduml
740 3451 839 3500 Douzn⁸
890 3459 969 3499 autem
980 3447 1385 3514 Minoa,inipao,queruatrunarat‚

386 3527 425 3575 19.
453 3527 541 3580 Quibus
560 3527 639 3582 eoum,
661 3523 733 3587 ulan]
761 3526 840 3574 Audet
889 3523 1024 3589 labyrintho
1045 3537 1100 3572 oum
1121 3521 1189 3570 Inaro
1209 3520 1257 3569 filio
1278 3520 1384 3578 inclusit,

344 3599 436 3662 Regius
449 3607 474 3649 et
488 3597 530 3648 alii
543 3599 677 3664 complures
689 3614 745 3648 eum
763 3597 839 3662 primi
889 3593 1385 3663 quial‘aaipluaduflauriamoraiureutem,

342 3672 523 3738 editione.quod
530 3688 624 3737 aequor.
637 3673 767 3722 flnsnun
785 3672 839 3721 Non
890 3685 938 3720 tue
949 3673 1005 3721 artis
1015 3687 1060 3736 ope
1066 3670 1171 3735 juvent.
1205 3667 1296 3717 Aura.

343 3747 484 3797 movendam
500 3755 558 3814 puto
576 3762 667 3804 voeern,
685 3749 767 3802 mni,
785 3761 839 3811 que
922 3748 963 3795 28.
983 3747 1021 3794 Du
1033 3746 1089 3794 usti
1104 3759 1164 3806 ρωκ
1181 3743 1262 3807 mori]
1281 3743 1317 3791 Sit
1331 3745 1387 3791 mili

344 3829 412 3870 notat
428 3821 529 3871 eradere
544 3835 627 3870 manua
644 3821 758 3886 prendere
774 3820 840 3886 cupi·
890 3821 966 3870 Jureti
981 3827 1108 3884 excerpta:
1131 3817 1235 3882 eleganti
1248 3816 1387 3872 Graeiamo,

344 3895 444 3954 entium,
455 3903 480 3944 et
489 3896 514 3944 in
524 3894 840 3958 armachanensem
890 3891 994 3958 γένοιτο,
1010 3893 1082 3948 tm,
1100 3889 1230 3955 lvdixorro.
1246 3891 1280 3939 aie
1296 3894 1387 3946 eontra,

343 3972 432 4020 volare.
466 3971 556 4020 Buau.
894 3967 945 4015 ll'nn
955 3977 996 4024 est,
1008 3967 1052 4016 olm
1062 3966 1121 4015 tm.
1133 3966 1186 4014 Noa
1199 3968 1239 4022 rit,
1255 3965 1291 4013 Ne
1302 3969 1340 4022 nit,
1351 3967 1387 4030 μή

383 4047 425 4094 21.
459 4045 611 4096 Praecluarmt
637 4046 713 4090 onnia
741 4041 839 4104 Μίνωι]
892 4039 1040 4104 rivorum}
1054 4037 1074 4088 8
1084 4039 1387 4105 {modrimprunon

344 4120 511 4170 Preatnuernt
540 4117 648 4166 meliores
674 4117 727 4166 libri
754 4130 842 4180 magno
893 4112 957 4170 licet.
969 4113 1103 4164 nondatur.
1136 4115 1227 4162 Huius.
