<?xml version="1.0" encoding="UTF-8"?>
<!DOCTYPE html PUBLIC "-//W3C//DTD XHTML 1.0 Transitional//EN"
    "http://www.w3.org/TR/xhtml1/DTD/xhtml1-transitional.dtd">
<html xmlns="http://www.w3.org/1999/xhtml" xml:lang="en" lang="en">
 <head>
  <title>
</title>
<meta http-equiv="Content-Type" content="text/html;charset=utf-8" />
  <meta name='ocr-system' content='tesseract 3.04.00' />
  <meta name='ocr-capabilities' content='ocr_page ocr_carea ocr_par ocr_line ocrx_word'/>
</head>
<body>
  <div class='ocr_page' id='page_1' title='image "./povidiinasoniso09burmgoog_0178.png"; bbox 0 0 3006 5122; ppageno 0'>
   <div class='ocr_carea' id='block_1_1' title="bbox 325 317 1085 420">
    <p class='ocr_par' dir='ltr' id='par_1_1' title="bbox 325 317 1085 420">
     <span class='ocr_line' id='line_1_1' title="bbox 325 317 1085 420; baseline -0.001 -33"><span class='ocrx_word' id='word_1_1' title='bbox 325 325 394 392; x_wconf 77' lang='lat' dir='ltr'>rso</span> <span class='ocrx_word' id='word_1_2' title='bbox 621 322 662 387; x_wconf 83' lang='lat' dir='ltr'>r.</span> <span class='ocrx_word' id='word_1_3' title='bbox 686 317 850 420; x_wconf 90' lang='lat' dir='ltr'>ovrnn</span> <span class='ocrx_word' id='word_1_4' title='bbox 872 317 1085 386; x_wconf 76' lang='lat' dir='ltr'>ursorus</span> 
     </span>
    </p>
   </div>
   <div class='ocr_carea' id='block_1_2' title="bbox 330 491 1392 2558">
    <p class='ocr_par' dir='ltr' id='par_1_2' title="bbox 330 484 1485 2558">
     <span class='ocr_line' id='line_1_2' title="bbox 332 491 1392 588; baseline -0.007 -16"><span class='ocrx_word' id='word_1_5' title='bbox 332 495 484 572; x_wconf 82' lang='lat' dir='ltr'>Divitiis</span> <span class='ocrx_word' id='word_1_6' title='bbox 501 495 616 569; x_wconf 87' lang='lat' dir='ltr'>etiam</span> <span class='ocrx_word' id='word_1_7' title='bbox 633 494 774 568; x_wconf 89' lang='lat' dir='ltr'>multos</span> <span class='ocrx_word' id='word_1_8' title='bbox 791 503 833 568; x_wconf 90' lang='lat' dir='ltr'>et</span> <span class='ocrx_word' id='word_1_9' title='bbox 849 491 1053 567; x_wconf 89' lang='lat' dir='ltr'>honoribus</span> <span class='ocrx_word' id='word_1_10' title='bbox 1070 505 1204 567; x_wconf 84' lang='lat' dir='ltr'>auctos</span> <span class='ocrx_word' id='word_1_11' title='bbox 1340 495 1392 588; x_wconf 72' lang='grc'>45</span> 
     </span>
     <span class='ocr_line' id='line_1_3' title="bbox 378 609 1206 707; baseline 0 -24"><span class='ocrx_word' id='word_1_12' title='bbox 378 610 481 698; x_wconf 87' lang='lat' dir='ltr'>Vidi,</span> <span class='ocrx_word' id='word_1_13' title='bbox 500 609 566 707; x_wconf 91' lang='lat' dir='ltr'>qui</span> <span class='ocrx_word' id='word_1_14' title='bbox 583 610 749 684; x_wconf 81' lang='lat' dir='ltr'>tulerant</span> <span class='ocrx_word' id='word_1_15' title='bbox 766 609 804 681; x_wconf 92' lang='lat' dir='ltr'>in</span> <span class='ocrx_word' id='word_1_16' title='bbox 821 619 940 706; x_wconf 84' lang='lat' dir='ltr'>caput</span> <span class='ocrx_word' id='word_1_17' title='bbox 955 633 1061 683; x_wconf 84' lang='lat' dir='ltr'>arma</span> <span class='ocrx_word' id='word_1_18' title='bbox 1076 620 1206 684; x_wconf 89' lang='lat' dir='ltr'>tuum:</span> 
     </span>
     <span class='ocr_line' id='line_1_4' title="bbox 330 724 1277 823; baseline -0.002 -23"><span class='ocrx_word' id='word_1_19' title='bbox 330 725 503 823; x_wconf 81' lang='lat' dir='ltr'>Quaeque</span> <span class='ocrx_word' id='word_1_20' title='bbox 519 725 602 799; x_wconf 88' lang='lat' dir='ltr'>dies</span> <span class='ocrx_word' id='word_1_21' title='bbox 619 724 774 811; x_wconf 80' lang='lat' dir='ltr'>bellurn,</span> <span class='ocrx_word' id='word_1_22' title='bbox 793 725 883 798; x_wconf 91' lang='lat' dir='ltr'>belli</span> <span class='ocrx_word' id='word_1_23' title='bbox 901 725 971 797; x_wconf 91' lang='lat' dir='ltr'>tibi</span> <span class='ocrx_word' id='word_1_24' title='bbox 988 725 1277 816; x_wconf 66' lang='lat' dir='ltr'>sustulit-iram</span> 
     </span>
     <span class='ocr_line' id='line_1_5' title="bbox 380 839 1277 939; baseline 0 -25"><span class='ocrx_word' id='word_1_25' title='bbox 380 839 553 939; x_wconf 85' lang='lat' dir='ltr'><strong>Parsque</strong></span> <span class='ocrx_word' id='word_1_26' title='bbox 571 839 683 912; x_wconf 88' lang='lat' dir='ltr'>simul</span> <span class='ocrx_word' id='word_1_27' title='bbox 700 839 853 939; x_wconf 91' lang='lat' dir='ltr'>templis</span> <span class='ocrx_word' id='word_1_28' title='bbox 869 851 1031 936; x_wconf 81' lang='lat' dir='ltr'>utraque</span> <span class='ocrx_word' id='word_1_29' title='bbox 1049 839 1151 912; x_wconf 86' lang='lat' dir='ltr'>dona</span> <span class='ocrx_word' id='word_1_30' title='bbox 1165 840 1277 913; x_wconf 90' lang='lat' dir='ltr'>tulit:</span> 
     </span>
     <span class='ocr_line' id='line_1_6' title="bbox 332 953 1331 1052; baseline -0.001 -23"><span class='ocrx_word' id='word_1_31' title='bbox 332 957 464 1052; x_wconf 88' lang='lat' dir='ltr'>thue</span> <span class='ocrx_word' id='word_1_32' title='bbox 481 965 569 1028; x_wconf 90' lang='lat' dir='ltr'>tuus</span> <span class='ocrx_word' id='word_1_33' title='bbox 587 955 728 1051; x_wconf 82' lang='lat' dir='ltr'>gaudet</span> <span class='ocrx_word' id='word_1_34' title='bbox 744 954 865 1040; x_wconf 90' lang='lat' dir='ltr'>miles,</span> <span class='ocrx_word' id='word_1_35' title='bbox 885 953 989 1050; x_wconf 87' lang='lat' dir='ltr'>qnod</span> <span class='ocrx_word' id='word_1_36' title='bbox 1005 954 1139 1028; x_wconf 86' lang='lat' dir='ltr'>vicerit</span> <span class='ocrx_word' id='word_1_37' title='bbox 1155 955 1331 1041; x_wconf 81' lang='lat' dir='ltr'>hostem3</span> 
     </span>
     <span class='ocr_line' id='line_1_7' title="bbox 382 1068 1390 1166; baseline -0.005 -22"><span class='ocrx_word' id='word_1_38' title='bbox 382 1071 460 1158; x_wconf 84' lang='lat' dir='ltr'>Sic,</span> <span class='ocrx_word' id='word_1_39' title='bbox 478 1071 620 1144; x_wconf 87' lang='lat' dir='ltr'>victum</span> <span class='ocrx_word' id='word_1_40' title='bbox 637 1093 705 1144; x_wconf 88' lang='lat' dir='ltr'>cur</span> <span class='ocrx_word' id='word_1_41' title='bbox 720 1093 763 1142; x_wconf 89' lang='lat' dir='ltr'>se</span> <span class='ocrx_word' id='word_1_42' title='bbox 780 1070 957 1166; x_wconf 67' lang='lat' dir='ltr'>gaudeat,</span> <span class='ocrx_word' id='word_1_43' title='bbox 976 1068 1096 1142; x_wconf 90' lang='lat' dir='ltr'>hostis</span> <span class='ocrx_word' id='word_1_44' title='bbox 1113 1069 1244 1144; x_wconf 81' lang='lat' dir='ltr'>habet.</span> <span class='ocrx_word' id='word_1_45' title='bbox 1335 1071 1390 1141; x_wconf 85' lang='lat'>50</span> 
     </span>
     <span class='ocr_line' id='line_1_8' title="bbox 332 1185 1304 1283; baseline -0.004 -22"><span class='ocrx_word' id='word_1_46' title='bbox 332 1187 462 1262; x_wconf 82' lang='lat' dir='ltr'><strong>Causa</strong></span> <span class='ocrx_word' id='word_1_47' title='bbox 478 1211 565 1261; x_wconf 82' lang='lat' dir='ltr'>mea</span> <span class='ocrx_word' id='word_1_48' title='bbox 580 1197 640 1261; x_wconf 87' lang='lat' dir='ltr'>est</span> <span class='ocrx_word' id='word_1_49' title='bbox 656 1185 799 1270; x_wconf 87' lang='lat' dir='ltr'>melior,</span> <span class='ocrx_word' id='word_1_50' title='bbox 818 1186 886 1283; x_wconf 91' lang='lat' dir='ltr'>qui</span> <span class='ocrx_word' id='word_1_51' title='bbox 903 1207 974 1260; x_wconf 88' lang='lat' dir='ltr'>neo</span> <span class='ocrx_word' id='word_1_52' title='bbox 992 1186 1181 1259; x_wconf 83' lang='lat' dir='ltr'>contraria</span> <span class='ocrx_word' id='word_1_53' title='bbox 1196 1185 1304 1259; x_wconf 85' lang='lat' dir='ltr'>dicor</span> 
     </span>
     <span class='ocr_line' id='line_1_9' title="bbox 381 1301 1172 1399; baseline -0.004 -22"><span class='ocrx_word' id='word_1_54' title='bbox 381 1302 509 1390; x_wconf 83' lang='lat' dir='ltr'>Arma,</span> <span class='ocrx_word' id='word_1_55' title='bbox 529 1327 599 1377; x_wconf 85' lang='lat' dir='ltr'>neo</span> <span class='ocrx_word' id='word_1_56' title='bbox 616 1301 773 1376; x_wconf 83' lang='lat' dir='ltr'>hostiles</span> <span class='ocrx_word' id='word_1_57' title='bbox 790 1325 875 1376; x_wconf 86' lang='lat' dir='ltr'>esse</span> <span class='ocrx_word' id='word_1_58' title='bbox 894 1311 1048 1375; x_wconf 83' lang='lat' dir='ltr'>secutus</span> <span class='ocrx_word' id='word_1_59' title='bbox 1065 1325 1172 1399; x_wconf 91' lang='lat' dir='ltr'>opes.</span> 
     </span>
     <span class='ocr_line' id='line_1_10' title="bbox 332 1417 1278 1517; baseline -0.002 -25"><span class='ocrx_word' id='word_1_60' title='bbox 332 1417 408 1493; x_wconf 89' lang='lat' dir='ltr'>Per</span> <span class='ocrx_word' id='word_1_61' title='bbox 425 1443 539 1504; x_wconf 84' lang='lat' dir='ltr'>mare,</span> <span class='ocrx_word' id='word_1_62' title='bbox 560 1443 628 1517; x_wconf 88' lang='lat' dir='ltr'>per</span> <span class='ocrx_word' id='word_1_63' title='bbox 644 1429 776 1504; x_wconf 80' lang='lat' dir='ltr'>terras,</span> <span class='ocrx_word' id='word_1_64' title='bbox 795 1439 864 1516; x_wconf 86' lang='lat' dir='ltr'>per</span> <span class='ocrx_word' id='word_1_65' title='bbox 880 1418 994 1492; x_wconf 82' lang='lat' dir='ltr'>tertia</span> <span class='ocrx_word' id='word_1_66' title='bbox 1010 1417 1166 1490; x_wconf 85' lang='lat' dir='ltr'>numina</span> <span class='ocrx_word' id='word_1_67' title='bbox 1176 1417 1278 1514; x_wconf 86' lang='lat' dir='ltr'>juro,</span> 
     </span>
     <span class='ocr_line' id='line_1_11' title="bbox 382 1531 1274 1632; baseline -0.002 -26"><span class='ocrx_word' id='word_1_68' title='bbox 382 1531 459 1607; x_wconf 89' lang='lat' dir='ltr'>Per</span> <span class='ocrx_word' id='word_1_69' title='bbox 475 1547 527 1620; x_wconf 86' lang='lat' dir='ltr'>te,</span> <span class='ocrx_word' id='word_1_70' title='bbox 546 1537 771 1632; x_wconf 79' lang='lat' dir='ltr'>praes&#39;entem</span> <span class='ocrx_word' id='word_1_71' title='bbox 789 1532 1115 1630; x_wconf 84' lang='lat' dir='ltr'>conspicuumque</span> <span class='ocrx_word' id='word_1_72' title='bbox 1132 1531 1274 1616; x_wconf 91' lang='lat' dir='ltr'>Deum,</span> 
     </span>
     <span class='ocr_line' id='line_1_12' title="bbox 333 1639 1384 1744; baseline -0.004 -22"><span class='ocrx_word' id='word_1_73' title='bbox 333 1646 447 1722; x_wconf 86' lang='lat' dir='ltr'>Hune</span> <span class='ocrx_word' id='word_1_74' title='bbox 461 1649 626 1722; x_wconf 79' lang='lat' dir='ltr'>animum</span> <span class='ocrx_word' id='word_1_75' title='bbox 639 1649 776 1722; x_wconf 80' lang='lat' dir='ltr'>favisse</span> <span class='ocrx_word' id='word_1_76' title='bbox 789 1646 872 1732; x_wconf 88' lang='lat' dir='ltr'>tibi,</span> <span class='ocrx_word' id='word_1_77' title='bbox 883 1648 939 1720; x_wconf 87' lang='lat' dir='ltr'>vir</span> <span class='ocrx_word' id='word_1_78' title='bbox 948 1649 1132 1722; x_wconf 83' lang='lat' dir='ltr'>maxime:</span> <span class='ocrx_word' id='word_1_79' title='bbox 1151 1671 1304 1744; x_wconf 88' lang='lat' dir='ltr'>meque,</span> <span class='ocrx_word' id='word_1_80' title='bbox 1331 1639 1384 1720; x_wconf 81' lang='lat'>55</span> 
     </span>
     <span class='ocr_line' id='line_1_13' title="bbox 383 1762 1122 1861; baseline 0.003 -25"><span class='ocrx_word' id='word_1_81' title='bbox 383 1763 471 1847; x_wconf 81' lang='lat' dir='ltr'>Qua</span> <span class='ocrx_word' id='word_1_82' title='bbox 485 1763 567 1836; x_wconf 82' lang='lat' dir='ltr'>sols</span> <span class='ocrx_word' id='word_1_83' title='bbox 582 1764 701 1861; x_wconf 90' lang='lat' dir='ltr'>potui,</span> <span class='ocrx_word' id='word_1_84' title='bbox 719 1773 849 1838; x_wconf 87' lang='lat' dir='ltr'>mente</span> <span class='ocrx_word' id='word_1_85' title='bbox 866 1762 984 1838; x_wconf 85' lang='lat' dir='ltr'>fnisse</span> <span class='ocrx_word' id='word_1_86' title='bbox 1001 1773 1122 1838; x_wconf 91' lang='lat' dir='ltr'>tuum.</span> 
     </span>
     <span class='ocr_line' id='line_1_14' title="bbox 332 1877 1115 1977; baseline 0.003 -25"><span class='ocrx_word' id='word_1_87' title='bbox 332 1877 473 1977; x_wconf 86' lang='lat' dir='ltr'>Optavi</span> <span class='ocrx_word' id='word_1_88' title='bbox 492 1887 641 1976; x_wconf 81' lang='lat' dir='ltr'>peteres</span> <span class='ocrx_word' id='word_1_89' title='bbox 658 1879 830 1953; x_wconf 83' lang='lat' dir='ltr'>caelestia</span> <span class='ocrx_word' id='word_1_90' title='bbox 845 1879 970 1954; x_wconf 81' lang='lat' dir='ltr'>sideru</span> <span class='ocrx_word' id='word_1_91' title='bbox 986 1881 1115 1969; x_wconf 81' lang='lat' dir='ltr'>tarde3</span> 
     </span>
     <span class='ocr_line' id='line_1_15' title="bbox 383 1991 1259 2092; baseline 0 -26"><span class='ocrx_word' id='word_1_92' title='bbox 383 1991 556 2091; x_wconf 84' lang='lat' dir='ltr'>Parsque</span> <span class='ocrx_word' id='word_1_93' title='bbox 573 1991 645 2067; x_wconf 88' lang='lat' dir='ltr'>fuit</span> <span class='ocrx_word' id='word_1_94' title='bbox 661 1993 783 2067; x_wconf 84' lang='lat' dir='ltr'>turbae</span> <span class='ocrx_word' id='word_1_95' title='bbox 801 2017 917 2092; x_wconf 83' lang='lat' dir='ltr'>parva</span> <span class='ocrx_word' id='word_1_96' title='bbox 933 1994 1124 2092; x_wconf 82' lang='lat' dir='ltr'>precantis</span> <span class='ocrx_word' id='word_1_97' title='bbox 1141 1995 1259 2068; x_wconf 91' lang='lat' dir='ltr'>idem.</span> 
     </span>
     <span class='ocr_line' id='line_1_16' title="bbox 333 2108 1339 2209; baseline 0 -25"><span class='ocrx_word' id='word_1_98' title='bbox 333 2108 385 2184; x_wconf 89' lang='lat' dir='ltr'>Et</span> <span class='ocrx_word' id='word_1_99' title='bbox 401 2109 465 2207; x_wconf 86' lang='lat' dir='ltr'>pia</span> <span class='ocrx_word' id='word_1_100' title='bbox 480 2119 566 2183; x_wconf 82' lang='lat' dir='ltr'>ture</span> <span class='ocrx_word' id='word_1_101' title='bbox 582 2109 670 2183; x_wconf 89' lang='lat' dir='ltr'>dedi</span> <span class='ocrx_word' id='word_1_102' title='bbox 688 2133 757 2208; x_wconf 92' lang='lat' dir='ltr'>pro</span> <span class='ocrx_word' id='word_1_103' title='bbox 773 2119 835 2186; x_wconf 88' lang='lat' dir='ltr'>te:</span> <span class='ocrx_word' id='word_1_104' title='bbox 862 2133 1028 2209; x_wconf 84' lang='lat' dir='ltr'>cumque</span> <span class='ocrx_word' id='word_1_105' title='bbox 1046 2111 1223 2184; x_wconf 91' lang='lat' dir='ltr'>omnibus</span> <span class='ocrx_word' id='word_1_106' title='bbox 1241 2133 1339 2184; x_wconf 86' lang='lat' dir='ltr'>unus</span> 
     </span>
     <span class='ocr_line' id='line_1_17' title="bbox 383 2223 1382 2323; baseline 0.001 -27"><span class='ocrx_word' id='word_1_107' title='bbox 383 2223 472 2323; x_wconf 91' lang='lat' dir='ltr'>Ipse</span> <span class='ocrx_word' id='word_1_108' title='bbox 491 2248 644 2323; x_wconf 90' lang='lat' dir='ltr'>quoque</span> <span class='ocrx_word' id='word_1_109' title='bbox 662 2224 789 2323; x_wconf 81' lang='lat' dir='ltr'>a&#39;djuvi</span> <span class='ocrx_word' id='word_1_110' title='bbox 807 2225 961 2323; x_wconf 87' lang='lat' dir='ltr'>publica</span> <span class='ocrx_word' id='word_1_111' title='bbox 976 2237 1065 2298; x_wconf 81' lang='lat' dir='ltr'>vote</span> <span class='ocrx_word' id='word_1_112' title='bbox 1081 2225 1189 2298; x_wconf 90' lang='lat' dir='ltr'>meis.</span> <span class='ocrx_word' id='word_1_113' title='bbox 1333 2228 1382 2298; x_wconf 90' lang='grc'>60</span> 
     </span>
     <span class='ocr_line' id='line_1_18' title="bbox 332 2337 1379 2437; baseline 0.001 -24"><span class='ocrx_word' id='word_1_114' title='bbox 332 2339 435 2425; x_wconf 87' lang='lat' dir='ltr'>Quid</span> <span class='ocrx_word' id='word_1_115' title='bbox 453 2337 612 2414; x_wconf 80' lang='lat' dir='ltr'>referam</span> <span class='ocrx_word' id='word_1_116' title='bbox 628 2340 756 2426; x_wconf 91' lang='lat' dir='ltr'>libros,</span> <span class='ocrx_word' id='word_1_117' title='bbox 775 2340 859 2412; x_wconf 89' lang='lat' dir='ltr'>illos</span> <span class='ocrx_word' id='word_1_118' title='bbox 876 2341 1047 2437; x_wconf 60' lang='lat' dir='ltr'>quoque</span> <span class='ocrx_word' id='word_1_119' title='bbox 1063 2341 1221 2414; x_wconf 84' lang='lat' dir='ltr'>erimina</span> <span class='ocrx_word' id='word_1_120' title='bbox 1238 2350 1379 2425; x_wconf 82' lang='lat' dir='ltr'>nostra,</span> 
     </span>
     <span class='ocr_line' id='line_1_19' title="bbox 384 2456 1136 2558; baseline -0.003 -28"><span class='ocrx_word' id='word_1_121' title='bbox 384 2457 493 2532; x_wconf 89' lang='lat' dir='ltr'>Mille</span> <span class='ocrx_word' id='word_1_122' title='bbox 510 2458 603 2532; x_wconf 87' lang='lat' dir='ltr'>locis</span> <span class='ocrx_word' id='word_1_123' title='bbox 621 2459 753 2558; x_wconf 90' lang='lat' dir='ltr'>plenos</span> <span class='ocrx_word' id='word_1_124' title='bbox 771 2457 932 2531; x_wconf 91' lang='lat' dir='ltr'>nominis</span> <span class='ocrx_word' id='word_1_125' title='bbox 951 2480 1038 2530; x_wconf 89' lang='lat' dir='ltr'>esse</span> <span class='ocrx_word' id='word_1_126' title='bbox 1053 2456 1136 2529; x_wconf 75' lang='lat' dir='ltr'>tui?</span> 
     </span>
    </p>
   </div>
   <div class='ocr_carea' id='block_1_3' title="bbox 333 2571 1380 3019">
    <p class='ocr_par' dir='ltr' id='par_1_3' title="bbox 333 2571 1380 2906">
     <span class='ocr_line' id='line_1_20' title="bbox 333 2571 1378 2674; baseline -0.003 -27"><span class='ocrx_word' id='word_1_127' title='bbox 333 2571 485 2673; x_wconf 88' lang='lat' dir='ltr'>Inspice</span> <span class='ocrx_word' id='word_1_128' title='bbox 503 2577 624 2673; x_wconf 86' lang='lat' dir='ltr'>majus</span> <span class='ocrx_word' id='word_1_129' title='bbox 642 2599 751 2674; x_wconf 91' lang='lat' dir='ltr'>opus,</span> <span class='ocrx_word' id='word_1_130' title='bbox 770 2574 875 2671; x_wconf 90' lang='lat' dir='ltr'>quod</span> <span class='ocrx_word' id='word_1_131' title='bbox 892 2573 1017 2648; x_wconf 86' lang='lat' dir='ltr'>adhuc</span> <span class='ocrx_word' id='word_1_132' title='bbox 1037 2571 1119 2646; x_wconf 91' lang='lat' dir='ltr'>sine</span> <span class='ocrx_word' id='word_1_133' title='bbox 1136 2571 1212 2645; x_wconf 88' lang='lat' dir='ltr'>fine</span> <span class='ocrx_word' id='word_1_134' title='bbox 1229 2572 1378 2670; x_wconf 89' lang='lat' dir='ltr'>reliqui,</span> 
     </span>
     <span class='ocr_line' id='line_1_21' title="bbox 384 2689 1330 2788; baseline -0.001 -25"><span class='ocrx_word' id='word_1_135' title='bbox 384 2689 428 2763; x_wconf 93' lang='lat' dir='ltr'>In</span> <span class='ocrx_word' id='word_1_136' title='bbox 447 2715 522 2766; x_wconf 89' lang='lat' dir='ltr'>non</span> <span class='ocrx_word' id='word_1_137' title='bbox 539 2691 749 2766; x_wconf 83' lang='lat' dir='ltr'>credendos</span> <span class='ocrx_word' id='word_1_138' title='bbox 766 2713 923 2788; x_wconf 83' lang='lat' dir='ltr'>corpora</span> <span class='ocrx_word' id='word_1_139' title='bbox 939 2714 1048 2765; x_wconf 86' lang='lat' dir='ltr'>versa</span> <span class='ocrx_word' id='word_1_140' title='bbox 1064 2689 1218 2778; x_wconf 87' lang='lat' dir='ltr'>modos;</span> <span class='ocrx_word' id='word_1_141' title='bbox 1326 2711 1330 2718; x_wconf 76' lang='grc'>’</span> 
     </span>
     <span class='ocr_line' id='line_1_22' title="bbox 333 2803 1380 2906; baseline -0.002 -27"><span class='ocrx_word' id='word_1_142' title='bbox 333 2803 509 2882; x_wconf 87' lang='lat' dir='ltr'>Invenies</span> <span class='ocrx_word' id='word_1_143' title='bbox 525 2807 639 2881; x_wconf 88' lang='lat' dir='ltr'>vestri</span> <span class='ocrx_word' id='word_1_144' title='bbox 658 2807 847 2906; x_wconf 83' lang='lat' dir='ltr'>praeoonia</span> <span class='ocrx_word' id='word_1_145' title='bbox 863 2805 1024 2880; x_wconf 92' lang='lat' dir='ltr'>nominis</span> <span class='ocrx_word' id='word_1_146' title='bbox 1043 2805 1143 2879; x_wconf 87' lang='lat' dir='ltr'>illic:</span> <span class='ocrx_word' id='word_1_147' title='bbox 1334 2807 1380 2878; x_wconf 88' lang='grc'>65</span> 
     </span>
    </p>

    <p class='ocr_par' dir='ltr' id='par_1_4' title="bbox 384 2920 1106 3019">
     <span class='ocr_line' id='line_1_23' title="bbox 384 2920 1106 3019; baseline -0.001 -26"><span class='ocrx_word' id='word_1_148' title='bbox 384 2920 560 2996; x_wconf 86' lang='lat' dir='ltr'>Invenies</span> <span class='ocrx_word' id='word_1_149' title='bbox 577 2922 691 2995; x_wconf 82' lang='lat' dir='ltr'>animi</span> <span class='ocrx_word' id='word_1_150' title='bbox 710 2921 866 3019; x_wconf 86' lang='lat' dir='ltr'>pignore</span> <span class='ocrx_word' id='word_1_151' title='bbox 882 2921 1003 2994; x_wconf 83' lang='lat' dir='ltr'>muita</span> <span class='ocrx_word' id='word_1_152' title='bbox 1020 2920 1106 2993; x_wconf 88' lang='lat' dir='ltr'>mei.</span> 
     </span>
    </p>
   </div>
   <div class='ocr_carea' id='block_1_4' title="bbox 333 3231 1383 4182">
    <p class='ocr_par' dir='ltr' id='par_1_5' title="bbox 333 3231 1383 4182">
     <span class='ocr_line' id='line_1_24' title="bbox 365 3231 1383 3296; baseline 0 -16"><span class='ocrx_word' id='word_1_153' title='bbox 365 3231 406 3280; x_wconf 79' lang='lat'>46.</span> <span class='ocrx_word' id='word_1_154' title='bbox 426 3231 678 3294; x_wconf 74' lang='lat' dir='ltr'>Vidi‚prrituierrrntin</span> <span class='ocrx_word' id='word_1_155' title='bbox 688 3241 831 3294; x_wconf 78' lang='lat' dir='ltr'>eoputormu</span> <span class='ocrx_word' id='word_1_156' title='bbox 882 3233 929 3281; x_wconf 65' lang='grc' dir='ltr'>Ρη·</span> <span class='ocrx_word' id='word_1_157' title='bbox 944 3243 979 3281; x_wconf 79' lang='lat' dir='ltr'>ter</span> <span class='ocrx_word' id='word_1_158' title='bbox 991 3235 1038 3281; x_wconf 78' lang='lat' dir='ltr'>trio</span> <span class='ocrx_word' id='word_1_159' title='bbox 1054 3233 1152 3280; x_wconf 73' lang='lat' dir='ltr'>numina</span> <span class='ocrx_word' id='word_1_160' title='bbox 1164 3231 1243 3296; x_wconf 77' lang='lat' dir='ltr'>legere</span> <span class='ocrx_word' id='word_1_161' title='bbox 1259 3231 1383 3281; x_wconf 75' lang='lat' dir='ltr'>Cmubo·</span> 
     </span>
     <span class='ocr_line' id='line_1_25' title="bbox 333 3303 1300 3370; baseline -0.001 -18"><span class='ocrx_word' id='word_1_162' title='bbox 333 3303 423 3368; x_wconf 84' lang='lat' dir='ltr'>tuum.]</span> <span class='ocrx_word' id='word_1_163' title='bbox 443 3303 546 3353; x_wconf 74' lang='lat' dir='ltr'>Consule</span> <span class='ocrx_word' id='word_1_164' title='bbox 557 3305 653 3354; x_wconf 84' lang='lat' dir='ltr'>Sueton.</span> <span class='ocrx_word' id='word_1_165' title='bbox 664 3303 690 3352; x_wconf 89' lang='lat' dir='ltr'>io</span> <span class='ocrx_word' id='word_1_166' title='bbox 701 3305 750 3354; x_wconf 77' lang='lat' dir='ltr'>vite</span> <span class='ocrx_word' id='word_1_167' title='bbox 756 3305 821 3370; x_wconf 81' lang='lat' dir='ltr'>Aug.</span> <span class='ocrx_word' id='word_1_168' title='bbox 880 3307 947 3356; x_wconf 84' lang='lat' dir='ltr'>nium</span> <span class='ocrx_word' id='word_1_169' title='bbox 955 3305 1047 3354; x_wconf 76' lang='lat' dir='ltr'>noterit</span> <span class='ocrx_word' id='word_1_170' title='bbox 1056 3303 1177 3354; x_wconf 70' lang='lat' dir='ltr'>Francius.</span> <span class='ocrx_word' id='word_1_171' title='bbox 1210 3303 1300 3352; x_wconf 72' lang='lat' dir='ltr'>Bou.</span> 
     </span>
     <span class='ocr_line' id='line_1_26' title="bbox 366 3376 1381 3444; baseline -0.001 -16"><span class='ocrx_word' id='word_1_172' title='bbox 366 3379 407 3428; x_wconf 82' lang='lat'>50.</span> <span class='ocrx_word' id='word_1_173' title='bbox 424 3377 461 3424; x_wconf 74' lang='lat' dir='ltr'>so</span> <span class='ocrx_word' id='word_1_174' title='bbox 477 3395 521 3425; x_wconf 82' lang='lat' dir='ltr'>eur</span> <span class='ocrx_word' id='word_1_175' title='bbox 538 3394 561 3428; x_wconf 80' lang='lat' dir='ltr'>u</span> <span class='ocrx_word' id='word_1_176' title='bbox 575 3377 682 3442; x_wconf 64' lang='lat' dir='ltr'>suren]</span> <span class='ocrx_word' id='word_1_177' title='bbox 701 3377 740 3427; x_wconf 86' lang='lat' dir='ltr'>Sic</span> <span class='ocrx_word' id='word_1_178' title='bbox 758 3379 832 3428; x_wconf 79' lang='lat' dir='ltr'>hostis</span> <span class='ocrx_word' id='word_1_179' title='bbox 912 3381 953 3429; x_wconf 81' lang='lat'>6³.</span> <span class='ocrx_word' id='word_1_180' title='bbox 971 3377 1061 3441; x_wconf 75' lang='lat' dir='ltr'>Inspice</span> <span class='ocrx_word' id='word_1_181' title='bbox 1079 3381 1153 3440; x_wconf 70' lang='lat' dir='ltr'>nujus</span> <span class='ocrx_word' id='word_1_182' title='bbox 1174 3376 1250 3440; x_wconf 62' lang='lat' dir='ltr'>opus]</span> <span class='ocrx_word' id='word_1_183' title='bbox 1278 3377 1381 3444; x_wconf 75' lang='lat' dir='ltr'>Adspioe</span> 
     </span>
     <span class='ocr_line' id='line_1_27' title="bbox 333 3450 1092 3519; baseline 0 -18"><span class='ocrx_word' id='word_1_184' title='bbox 333 3461 390 3501; x_wconf 86' lang='lat' dir='ltr'>tuus</span> <span class='ocrx_word' id='word_1_185' title='bbox 410 3450 532 3516; x_wconf 79' lang='lat' dir='ltr'>cognoscit</span> <span class='ocrx_word' id='word_1_186' title='bbox 554 3467 580 3500; x_wconf 85' lang='lat' dir='ltr'>se</span> <span class='ocrx_word' id='word_1_187' title='bbox 606 3451 696 3502; x_wconf 84' lang='lat' dir='ltr'>vietum</span> <span class='ocrx_word' id='word_1_188' title='bbox 713 3453 779 3518; x_wconf 80' lang='lat' dir='ltr'>juste</span> <span class='ocrx_word' id='word_1_189' title='bbox 800 3452 831 3503; x_wconf 84' lang='lat' dir='ltr'>de</span> <span class='ocrx_word' id='word_1_190' title='bbox 880 3453 1092 3519; x_wconf 69' lang='lat' dir='ltr'>Metamorphosin.</span> 
     </span>
     <span class='ocr_line' id='line_1_28' title="bbox 333 3525 1383 3588; baseline 0.003 -14"><span class='ocrx_word' id='word_1_191' title='bbox 333 3541 414 3576; x_wconf 70' lang='lat' dir='ltr'>musa.</span> <span class='ocrx_word' id='word_1_192' title='bbox 446 3525 517 3572; x_wconf 75' lang='lat' dir='ltr'>Mun.</span> <span class='ocrx_word' id='word_1_193' title='bbox 913 3529 953 3576; x_wconf 78' lang='lat'>64.</span> <span class='ocrx_word' id='word_1_194' title='bbox 971 3527 1001 3576; x_wconf 79' lang='lat' dir='ltr'>In</span> <span class='ocrx_word' id='word_1_195' title='bbox 1018 3545 1062 3576; x_wconf 83' lang='lat' dir='ltr'>norr</span> <span class='ocrx_word' id='word_1_196' title='bbox 1076 3525 1196 3576; x_wconf 63' lang='lat' dir='ltr'>numum</span> <span class='ocrx_word' id='word_1_197' title='bbox 1211 3541 1306 3588; x_wconf 76' lang='lat' dir='ltr'>corpora</span> <span class='ocrx_word' id='word_1_198' title='bbox 1319 3543 1383 3576; x_wconf 76' lang='lat' dir='ltr'>verro</span> 
     </span>
     <span class='ocr_line' id='line_1_29' title="bbox 367 3597 1381 3666; baseline 0.002 -18"><span class='ocrx_word' id='word_1_199' title='bbox 367 3600 407 3648; x_wconf 82' lang='lat'>5³.</span> <span class='ocrx_word' id='word_1_200' title='bbox 420 3597 467 3646; x_wconf 82' lang='lat' dir='ltr'>Per</span> <span class='ocrx_word' id='word_1_201' title='bbox 478 3600 547 3646; x_wconf 80' lang='lat' dir='ltr'>tertio</span> <span class='ocrx_word' id='word_1_202' title='bbox 555 3599 673 3664; x_wconf 66' lang='lat' dir='ltr'>numine]</span> <span class='ocrx_word' id='word_1_203' title='bbox 692 3600 738 3650; x_wconf 83' lang='lat' dir='ltr'>Per</span> <span class='ocrx_word' id='word_1_204' title='bbox 748 3617 832 3666; x_wconf 71' lang='lat' dir='ltr'>squar.</span> <span class='ocrx_word' id='word_1_205' title='bbox 881 3601 974 3664; x_wconf 70' lang='lat' dir='ltr'>nodos]</span> <span class='ocrx_word' id='word_1_206' title='bbox 992 3601 1032 3650; x_wconf 80' lang='lat' dir='ltr'>Ad</span> <span class='ocrx_word' id='word_1_207' title='bbox 1043 3599 1176 3664; x_wconf 73' lang='lat' dir='ltr'>Diogenem</span> <span class='ocrx_word' id='word_1_208' title='bbox 1186 3602 1232 3650; x_wconf 79' lang='grc' dir='ltr'>τὸν</span> <span class='ocrx_word' id='word_1_209' title='bbox 1241 3601 1273 3649; x_wconf 69' lang='grc' dir='ltr'>τὰ</span> <span class='ocrx_word' id='word_1_210' title='bbox 1284 3601 1381 3650; x_wconf 68' lang='grc' dir='ltr'>ἄπιστα</span> 
     </span>
     <span class='ocr_line' id='line_1_30' title="bbox 334 3671 1382 3741; baseline 0.001 -20"><span class='ocrx_word' id='word_1_211' title='bbox 334 3672 417 3722; x_wconf 76' lang='lat' dir='ltr'>Potius</span> <span class='ocrx_word' id='word_1_212' title='bbox 430 3671 519 3720; x_wconf 85' lang='lat' dir='ltr'>ooelum</span> <span class='ocrx_word' id='word_1_213' title='bbox 534 3671 650 3737; x_wconf 80' lang='lat' dir='ltr'>intellige.</span> <span class='ocrx_word' id='word_1_214' title='bbox 668 3674 739 3724; x_wconf 87' lang='lat' dir='ltr'>Cror.</span> <span class='ocrx_word' id='word_1_215' title='bbox 770 3675 831 3732; x_wconf 71' lang='lat' dir='ltr'>Qun</span> <span class='ocrx_word' id='word_1_216' title='bbox 882 3673 1015 3741; x_wconf 73' lang='grc' dir='ltr'>γράψαντα</span> <span class='ocrx_word' id='word_1_217' title='bbox 1029 3674 1124 3724; x_wconf 82' lang='lat' dir='ltr'>videtur</span> <span class='ocrx_word' id='word_1_218' title='bbox 1138 3673 1287 3740; x_wconf 73' lang='lat' dir='ltr'>respexisse3</span> <span class='ocrx_word' id='word_1_219' title='bbox 1305 3690 1319 3722; x_wconf 89' lang='lat' dir='ltr'>e</span> <span class='ocrx_word' id='word_1_220' title='bbox 1334 3691 1382 3739; x_wconf 90' lang='lat' dir='ltr'>quo</span> 
     </span>
     <span class='ocr_line' id='line_1_31' title="bbox 334 3744 1382 3810; baseline 0.002 -16"><span class='ocrx_word' id='word_1_221' title='bbox 334 3745 417 3794; x_wconf 87' lang='lat' dir='ltr'>melior</span> <span class='ocrx_word' id='word_1_222' title='bbox 427 3744 608 3810; x_wconf 74' lang='lat' dir='ltr'>interpretati05</span> <span class='ocrx_word' id='word_1_223' title='bbox 627 3747 660 3795; x_wconf 82' lang='lat' dir='ltr'>sic</span> <span class='ocrx_word' id='word_1_224' title='bbox 671 3747 734 3796; x_wconf 87' lang='lat' dir='ltr'>enim</span> <span class='ocrx_word' id='word_1_225' title='bbox 746 3747 787 3796; x_wconf 91' lang='lat' dir='ltr'>lib.</span> <span class='ocrx_word' id='word_1_226' title='bbox 798 3745 832 3796; x_wconf 87' lang='lat' dir='ltr'>iii.</span> <span class='ocrx_word' id='word_1_227' title='bbox 881 3766 907 3798; x_wconf 83' lang='grc' dir='ltr'>ιιι</span> <span class='ocrx_word' id='word_1_228' title='bbox 923 3752 1024 3798; x_wconf 73' lang='lat' dir='ltr'>Metam.</span> <span class='ocrx_word' id='word_1_229' title='bbox 1039 3748 1100 3798; x_wconf 82' lang='lat' dir='ltr'>inter</span> <span class='ocrx_word' id='word_1_230' title='bbox 1115 3757 1213 3797; x_wconf 69' lang='lat' dir='ltr'>eutem</span> <span class='ocrx_word' id='word_1_231' title='bbox 1228 3746 1294 3796; x_wconf 75' lang='lat' dir='ltr'>houd</span> <span class='ocrx_word' id='word_1_232' title='bbox 1309 3748 1382 3796; x_wconf 79' lang='lat' dir='ltr'>dubie</span> 
     </span>
     <span class='ocr_line' id='line_1_32' title="bbox 336 3817 1382 3889; baseline 0.004 -21"><span class='ocrx_word' id='word_1_233' title='bbox 336 3820 417 3868; x_wconf 80' lang='lat' dir='ltr'>Amor.</span> <span class='ocrx_word' id='word_1_234' title='bbox 427 3817 495 3882; x_wconf 83' lang='lat' dir='ltr'>Eleg.</span> <span class='ocrx_word' id='word_1_235' title='bbox 506 3817 556 3866; x_wconf 89' lang='lat' dir='ltr'>viii.</span> <span class='ocrx_word' id='word_1_236' title='bbox 567 3835 616 3867; x_wconf 86' lang='lat' dir='ltr'>ver.</span> <span class='ocrx_word' id='word_1_237' title='bbox 627 3821 721 3885; x_wconf 83' lang='lat' dir='ltr'>49.sq:</span> <span class='ocrx_word' id='word_1_238' title='bbox 882 3824 993 3889; x_wconf 70' lang='lat' dir='ltr'>quiedam</span> <span class='ocrx_word' id='word_1_239' title='bbox 1002 3823 1157 3872; x_wconf 78' lang='lat' dir='ltr'>derumsent.</span> <span class='ocrx_word' id='word_1_240' title='bbox 1189 3822 1304 3870; x_wconf 81' lang='lat' dir='ltr'>Meminit</span> <span class='ocrx_word' id='word_1_241' title='bbox 1318 3821 1382 3871; x_wconf 73' lang='lat' dir='ltr'>iltius</span> 
     </span>
     <span class='ocr_line' id='line_1_33' title="bbox 369 3893 1367 3964; baseline 0.004 -24"><span class='ocrx_word' id='word_1_242' title='bbox 369 3893 481 3948; x_wconf 80' lang='lat' dir='ltr'>Quidtibi</span> <span class='ocrx_word' id='word_1_243' title='bbox 489 3893 832 3958; x_wconf 76' lang='lat' dir='ltr'>rrrmprlngoiterracontsnto</span> <span class='ocrx_word' id='word_1_244' title='bbox 881 3895 1132 3964; x_wconf 77' lang='lat' dir='ltr'>Epiph.Dan.Heins.</span> <span class='ocrx_word' id='word_1_245' title='bbox 1166 3897 1255 3944; x_wconf 70' lang='lat' dir='ltr'>Boou.</span> <span class='ocrx_word' id='word_1_246' title='bbox 1356 3937 1367 3956; x_wconf 83' lang='grc'><em>,</em></span> 
     </span>
     <span class='ocr_line' id='line_1_34' title="bbox 424 3965 1381 4035; baseline -0.014 -5"><span class='ocrx_word' id='word_1_247' title='bbox 424 3965 524 4030; x_wconf 62' lang='lat' dir='ltr'>seim:</span> <span class='ocrx_word' id='word_1_248' title='bbox 913 3974 953 4022; x_wconf 78' lang='lat' dir='ltr'>es.</span> <span class='ocrx_word' id='word_1_249' title='bbox 971 3971 1075 4020; x_wconf 65' lang='lat' dir='ltr'>umus</span> <span class='ocrx_word' id='word_1_250' title='bbox 1085 3970 1231 4035; x_wconf 58' lang='lat' dir='ltr'>verene]</span> <span class='ocrx_word' id='word_1_251' title='bbox 1251 3968 1381 4018; x_wconf 68' lang='lat' dir='ltr'>urrato</span> 
     </span>
     <span class='ocr_line' id='line_1_35' title="bbox 401 4040 1380 4110; baseline 0.004 -22"><span class='ocrx_word' id='word_1_252' title='bbox 401 4040 510 4088; x_wconf 78' lang='lat' dir='ltr'>Currum</span> <span class='ocrx_word' id='word_1_253' title='bbox 525 4050 547 4089; x_wconf 78' lang='lat' dir='ltr'>et</span> <span class='ocrx_word' id='word_1_254' title='bbox 564 4042 652 4099; x_wconf 78' lang='lat' dir='ltr'>ouium,</span> <span class='ocrx_word' id='word_1_255' title='bbox 667 4044 736 4090; x_wconf 77' lang='lat' dir='ltr'>tertia</span> <span class='ocrx_word' id='word_1_256' title='bbox 751 4059 831 4108; x_wconf 78' lang='lat' dir='ltr'>regna.</span> <span class='ocrx_word' id='word_1_257' title='bbox 881 4045 1104 4110; x_wconf 56' lang='lat' dir='ltr'>metamorphosim</span> <span class='ocrx_word' id='word_1_258' title='bbox 1113 4043 1213 4094; x_wconf 72' lang='lat' dir='ltr'>incaloe</span> <span class='ocrx_word' id='word_1_259' title='bbox 1224 4043 1380 4110; x_wconf 68' lang='lat' dir='ltr'>potissimum,</span> 
     </span>
     <span class='ocr_line' id='line_1_36' title="bbox 428 4109 1219 4182; baseline -0.004 -13"><span class='ocrx_word' id='word_1_260' title='bbox 428 4109 513 4182; x_wconf 73' lang='lat' dir='ltr'>puirt&#39;</span> <span class='ocrx_word' id='word_1_261' title='bbox 881 4119 973 4170; x_wconf 89' lang='lat' dir='ltr'>Juliurn</span> <span class='ocrx_word' id='word_1_262' title='bbox 984 4114 1219 4182; x_wconf 49' lang='lat' dir='ltr'>Consternatum.</span> 
     </span>
    </p>
   </div>
   <div class='ocr_carea' id='block_1_5' title="bbox 0 0 1511 5122">
    <p class='ocr_par' dir='ltr' id='par_1_6' title="bbox 0 0 1511 5122">
     <span class='ocr_line' id='line_1_37' title="bbox 0 0 1511 5122; baseline 0 0"><span class='ocrx_word' id='word_1_263' title='bbox 0 0 1511 5122; x_wconf 95' lang='lat' dir='ltr'> </span> 
     </span>
    </p>
   </div>
  </div>
 </body>
</html>
