2982 5118
244 413 317 478 EX
341 408 501 477 PONTO
527 407 618 472 LIB.
642 400 711 472 111.
736 405 882 472 EPIST.
905 405 969 472 tv.
1064 409 1129 478 461

82 587 183 685 Ergo
201 587 267 662 alii
286 593 448 660 noceant
464 581 622 668 miseris,
641 591 851 680 optentque
868 580 1004 671 timeri,
1048 587 1129 658 ,105

129 703 348 803 Tinctaque
367 701 533 776 mordaci
552 698 697 798 spicula
713 697 801 772 selle
819 709 965 794 gerant.

83 821 133 894 At
150 831 220 894 tua
234 818 476 920 supplicibus
493 817 628 890 domus
646 826 705 889 est
723 815 882 888 adsueta
894 815 1093 912 juvandis:

131 935 177 1009 ln
196 960 362 1033 quorum
380 957 536 1009 numero
554 954 615 1006 me
632 955 767 1030 precor
784 955 869 1006 esse
885 932 989 1007 velis.

401 1255 728 1331 EPISTOLA
762 1256 829 1330 IV.

515 1401 715 1469 RUFINO.

89 1519 186 1594 linc
205 1519 279 1595 tibi
297 1542 372 1592 non
384 1539 519 1592 vanam
538 1516 726 1614 portantia
742 1518 859 1592 verba-
875 1519 1049 1606 salutem,

137 1636 246 1712 Naso
261 1634 462 1708 Tomitana
479 1633 596 1707 mittit
613 1634 661 1706 ab
679 1634 771 1707 urbe
789 1643 897 1724 tuus3

91 1753 220 1851 thue
240 1775 311 1824 suo
328 1743 453 1824 faueas
471 1748 636 1835 mandat,
658 1748 808 1836 Rufina,
822 1751 1032 1851 triumpho;

138 1867 184 1941 ln
201 1875 351 1942 vestras
368 1864 470 1939 venit
487 1864 518 1937 si
536 1874 664 1938 tamen
681 1865 743 1940 ille
762 1889 907 1940 manus.

91 1982 159 2058 Est
176 2007 277 2081 opus
295 1980 487 2078 exiguum,
507 1981 701 2080 vastisque
719 1983 911 2082 paratibus
929 1985 1061 2088 impar,
1114 1991 1137 2063 5

137 2096 266 2183 Quale
284 2107 411 2171 tamen
424 2121 590 2198 cumque
606 2110 676 2187 est,
693 2112 735 2175 ut
750 2112 878 2176 tueare
895 2125 998 2200 rogo.

92 2215 220 2290 Firma
238 2215 365 2288 valent
390 2237 459 2312 per
478 2237 532 2302 se,
553 2215 774 2313 nullumque
799 2217 1013 2294 Machaona
1036 2244 1139 2318 qute-

138 2331 204 2406 Ad
215 2331 402 2405 medicam
413 2331 552 2404 dubius
563 2331 731 2428 confugit
740 2355 839 2428 oeger
848 2357 973 2432 opem,
1013 2337 1138 2431 [runtz

94 2447 128 2522 N
130 2474 181 2523 on
204 2473 302 2547 opus
321 2459 379 2522 est
396 2448 543 2546 magnis
560 2449 709 2547 placido
727 2449 866 2524 lectore
883 2452 1027 2549 poetis:

140 2563 364 2648 Quamlibet
378 2564 536 2638 invitum
552 2564 818 2662 difficilemque
834 2575 978 2642 tenent.
1095 2571 1141 2642 10

94 2679 188 2768 Nos,
207 2679 349 2779 quibus
366 2679 559 2778 ingenium
575 2679 679 2777 longi
696 2681 863 2756 minuere
882 2683 1041 2767 labarae,

140 2795 224 2869 Aut
239 2794 356 2870 etiarn
373 2796 518 2868 nullum
535 2795 690 2869 forsitan
711 2807 798 2871 ante
816 2797 898 2885 suit,

95 2910 248 2986 Viribus
267 2909 417 3000 infirmi,
437 2921 562 2986 vestro
576 2914 738 2989 candore
753 2915 943 2988 valemus:

143 3026 271 3114 Quem
290 3027 382 3101 mihi
401 3028 594 3118 sidonas,
614 3031 740 3105 omnia
756 3041 862 3130 rapta
879 3040 1020 3128 putem.

129 3225 185 3274 too.
197 3222 269 3272 Alios
282 3221 355 3272 dictis
366 3225 457 3275 acerbis
467 3225 598 3276 mordeant.
648 3235 766 3284 ovantem.
786 3227 828 3278 sed
850 3227 981 3277 laureatum
997 3237 1087 3284 tamen.
1106 3243 1144 3278 ur·

97 3299 184 3348 Canta
200 3298 242 3346 Tr.
259 3297 285 3346 ii.
302 3299 360 3347 563.
373 3299 430 3350 565.
456 3299 551 3350 Alludit
568 3301 598 3351 ad
648 3305 704 3354 bem
722 3319 772 3352 esse
789 3303 932 3368 ingressum:
950 3301 1105 3369 triumphavit
1119 3317 1145 3352 a·

98 3372 214 3423 feritatem
232 3370 386 3436 Scytharum,
400 3373 600 3438 sagittaeveneno
649 3379 698 3426 nim
708 3377 815 3426 'liberius
825 3393 892 3443 prox.
903 3392 964 3426 anno
979 3385 1033 3425 ante
1048 3385 1147 3426 mortem

97 3446 268 3512 tinguentium.
297 3447 410 3496 illatas.
650 3452 762 3516 Augusti,
775 3468 822 3516 quo
836 3461 943 3517 tempore
954 3459 978 3500 et
990 3450 1148 3516 becapoete

650 3527 697 3575 scri
715 3535 740 3575 ta
753 3525 871 3584 videntur,
883 3541 957 3591 quum
969 3525 1021 3591 jem
1037 3533 1147 3590 quartum

132 3598 154 3645 l.
167 3596 222 3644 Non
239 3611 323 3644 concur
339 3595 456 3658 mlum]
475 3593 601 3644 Exanimo
650 3591 676 3640 in
709 3599 764 3640 ento
775 3606 864 3641 annum
875 3590 986 3656 degisset.
1012 3591 1108 3639 lllrcuu.

99 3669 141 3718 tibi
155 3677 282 3737 optatam
300 3666 357 3734 qula
370 3685 452 3734 precor
467 3678 494 3718 ut
509 3667 541 3720 sis
553 3667 600 3716 nal·
683 3666 708 3713 ⁷.
722 3665 743 3713 F
743 3668 801 3714 inmo
812 3665 889 3714 ualent
898 3681 939 3726 per
948 3681 979 3721 rc,
990 3663 1048 3726 bo]
1061 3663 1150 3712 Sensus

99 3755 234 3802 ronulas.
651 3748 702 3788 est:
721 3739 826 3806 Corpora
842 3738 911 3787 firma
927 3753 956 3786 ac
969 3736 1049 3786 valida
1065 3752 1107 3801 per
1123 3753 1149 3786 ιο

130 3822 154 3869 3.
166 3818 316 3882 Triumphe]
330 3819 368 3866 De
379 3817 476 3882 Illyrico
484 3814 602 3880 triumpho
652 3813 792 3869 consistunt,
815 3828 892 3878 neque
917 3828 976 3877 opus
995 3809 1086 3858 medico
1106 3808 1149 3858 ba·

41 3887 42 3892 ¹
100 3903 123 3943 et
140 3894 191 3944 bac
210 3904 237 3944 et
256 3891 376 3958 superiora
393 3893 437 3940 illa
455 3889 603 3956 accipienda.
651 3887 718 3945 beot,
735 3887 776 3953 qui
795 3904 825 3937 aa
843 3894 978 3936 conservet:
998 3885 1032 3933 sic
1049 3891 1073 3932 et
1092 3883 1150 3932 boni

101 3969 224 4036 Nusquam
237 3968 304 4020 enim
317 3967 375 4016 alibi
390 3967 489 4032 reperio,
500 3964 530 4014 de
542 3965 602 4014 Ger·
654 3977 683 4010 ac
705 3971 844 4028 prestantes
870 3969 954 4026 poeta,
975 3974 1020 4006 non
1040 3955 1151 4021 indigent

102 4044 174 4093 manis
184 4040 347 4107 triumphasse
357 4040 479 4089 Tiberium
489 4058 494 4087 :
507 4037 550 4088 sed
561 4036 602 4086 de·
655 4035 733 4084 lavore
752 4033 854 4089 lectoris,
869 4032 963 4097 quando
979 4033 1080 4096 ipsorum
1097 4045 1150 4078 car·

102 4116 166 4168 victis
180 4115 281 4182 Illyriis,
292 4114 435 4180 decretoque
450 4113 486 4163 illi
501 4129 554 4163 eam
572 4113 602 4162 ob
655 4109 719 4158 mina
729 4125 770 4175 per
780 4124 805 4157 sc
816 4102 1013 4156 commendabilia
1021 4113 1085 4152 sunt.

101 4191 288 4257 autumpno,
298 4188 323 4238 in
333 4186 542 4255 presensquidem
552 4194 603 4235 turn
687 4187 712 4235 9.
732 4185 786 4232 Non
802 4197 858 4244 opus
875 4190 907 4228 est
927 4181 1015 4243 magnis
1034 4176 1147 4241 placida]

101 4265 128 4313 ob
141 4274 255 4318 monetam
266 4262 374 4313 Variana
387 4263 456 4312 clade
473 4261 603 4318 civitatem,
656 4259 736 4308 Poetis
750 4254 921 4306 excellentibus
935 4267 981 4302 uon
998 4261 1035 4302 ast
1049 4267 1108 4318 opus
1124 4257 1153 4300 nt
