2990 5114
267 404 619 490 misrrumum.
643 392 708 475 TV.
730 402 867 472 ELEG.
891 403 968 472 IV..
1072 401 1139 471 285

84 587 196 663 Neve
213 584 453 662 retractando
471 581 639 657 nondum
657 581 833 655 coeuntia
850 601 1022 680 rumpam

134 703 325 792 Vulnera;
354 702 418 775 vix
436 699 510 773 illis
529 698 697 799 proderit
714 699 798 797 ipsa
815 699 937 797 quies.

85 819 204 918 Ergo,
223 830 267 893 ut
280 822 366 917 jure
384 818 520 892 damus
538 839 683 915 poenas,
703 817 758 890 sic
776 815 896 890 abfuit
914 837 1026 894 omne
1112 809 1128 854 ·’

137 937 308 1012 Peccato
324 933 471 1010 facinus
488 933 766 1031 consiliumque
784 957 883 1008 meo.
1214 1029 1215 1036 ἵ

87 1052 215 1150 quue
227 1053 333 1126 Deus
345 1051 548 1148 sentit,pro
561 1073 637 1146 quo
647 1072 717 1123 nec
728 1049 1058 1124 lumenademtum
1069 1061 1140 1138 est,

140 1169 226 1244 Nec
244 1167 337 1243 mihi
355 1168 545 1243 detractas
564 1165 733 1264 possidet
752 1166 847 1240 alter
863 1190 969 1264 opes.
1090 1171 1140 1242 46
1204 1174 1219 1184 “

89 1285 263 1360 Forsitan
281 1285 380 1359 hanc
399 1284 534 1382 ipsam,
553 1283 654 1356 vivat
670 1282 796 1371 modo,
814 1283 920 1357 finiet
937 1283 1038 1371 olim,

99 1493 106 1500 .
139 1402 328 1501 Tempore
346 1425 465 1499 quum
483 1401 596 1474 fuerit
611 1401 732 1474 lenior
749 1387 815 1487 ira,
835 1399 975 1496 fugam.

89 1517 205 1593 Nunc
224 1531 356 1617 precor
373 1517 461 1591 hinc
480 1517 553 1592 alio
567 1518 702 1615 jubeat
719 1516 929 1604 discedere,
949 1517 980 1590 si
999 1543 1074 1592 non

122 1677 123 1680 π
142 1633 285 1709 Nostra
300 1633 513 1708 verecundo
531 1643 619 1707 vota
635 1632 780 1730 pudore
797 1643 940 1707 carent.
1092 1641 1142 1710 50

91 1751 228 1825 Mitius
246 1750 435 1837 exsilium,
452 1751 643 1849 pauloque
661 1749 921 1849 propinquius
938 1760 1040 1850 opto,

143 1867 297 1965 Quique
314 1866 366 1940 sit
383 1891 406 1942 a
422 1892 522 1941 saevo
538 1866 687 1963 longius
705 1866 828 1954 hoste,
848 1867 986 1942 locum.
1033 1897 1038 1901 ·

91 1984 325 2081 Quantaque
344 1984 381 2056 in
399 1984 574 2081 Augusto
592 1983 808 2069 clementia,
826 1982 859 2056 si
879 1983 965 2081 quis
983 1986 1032 2059 ab
1050 1986 1114 2061 illo

142 2099 229 2175 Hoc
248 2109 395 2198 peteret
413 2119 572 2198 prome,
588 2098 746 2173 forsitan
763 2097 827 2172 ille
845 2098 963 2174 daret.
1062 2111 1064 2116 '

92 2216 249 2314 Frigida
264 2239 325 2290 rne
343 2215 524 2290 cohibent
542 2214 682 2289 Euxini
701 2215 812 2288 litora
829 2213 966 2290 Ponti:
1095 2223 1144 2294 55

145 2333 283 2408 Dictus
301 2333 349 2406 ab
367 2331 535 2428 antiquis
553 2329 711 2404 Axenus
730 2329 793 2404 ille
810 2329 893 2404 fuit.

94 2449 197 2524 Nam
216 2472 340 2546 neque
353 2449 547 2545 jactantur
564 2444 768 2520 moderatis
782 2469 935 2543 aequora
947 2447 1091 2538 ventis3

146 2563 231 2638 Nec
250 2562 420 2662 placidos
438 2571 570 2660 portus
589 2561 740 2659 hospita
758 2561 863 2634 navis
882 2561 974 2636 adit.

84 2681 197 2756 -Sunt
207 2678 310 2754 circa
322 2687 469 2776 gentes,
482 2701 568 2774 quae
580 2676 746 2776 praedam
757 2676 941 2773 sanguine
952 2690 1143 2775 quaerant:

147 2795 233 2871 Nec
252 2795 375 2869 minus
394 2793 509 2868 infida
526 2803 627 2868 terra
639 2793 793 2868 timetur
810 2816 921 2891 aqua.
1098 2801 1148 2874 60

94 3119 145 3155 rem
168 3103 238 3152 illurn
262 3117 384 3162 excusare,
404 3119 477 3170 seque
498 3105 598 3172 probare
681 3107 722 3155 5³.
743 3105 861 3168 Tantaque
881 3106 908 3152 in
927 3103 1031 3168 Au-gmo
1050 3112 1083 3151 at
1103 3104 1148 3152 cio-

95 3179 249 3229 innoceotem
257 3194 280 3226 v.
290 3177 335 3228 ii.e
346 3178 422 3228 Ponto
433 3177 458 3228 ii.
468 3179 507 3228 17.
535 3178 599 3238 Quis
649 3178 755 3242 mantin]
774 3179 813 3228 Do
824 3176 927 3242 Augusti
938 3176 1067 3226 clementia
1077 3174 1149 3242 legito

96 3267 152 3302 vero
169 3259 242 3318 poeta
255 3250 345 3316 ubique
362 3251 409 3300 iere
425 3251 514 3301 odmen
529 3267 599 3302 snum
649 3252 824 3318 Tranquillum.

91 3327 535 3388 ‘vocatnulpomeorsm,rtnltitiom;
545 3341 600 3376 cum
683 3327 723 3376 56.
734 3326 847 3390 Areum]
863 3323 975 3383 'sitnon
992 3321 1151 3390 inhospitalis,

96 3401 208 3450 Puteano
224 3397 307 3448 codice
324 3399 456 3450 Burmann.
471 3398 599 3465 legendum
650 3401 714 3466 quod
740 3400 798 3452 olim
818 3399 890 3449 Ponti
915 3399 1003 3449 secolo
1028 3398 1152 3463 predones

98 3481 167 3540 putat
178 3475 237 3522 liter
247 3472 298 3522 lnc.
309 3487 412 3530 carmen,
424 3488 462 3523 ars
473 3473 598 3532 annuns,
650 3483 727 3530 crant,
746 3481 772 3524 et
787 3474 892 3540 hospites
906 3489 935 3522 eo
947 3471 1069 3522 venientes
1086 3487 1152 3522 moc-

97 3557 125 3598 ut
135 3563 209 3614 supro
219 3546 245 3595 ii.
253 3547 311 3596 207.
322 3547 455 3613 scripserat.
476 3548 590 3598 llnnnns.
651 3555 701 3598 tare
718 3548 835 3598 solebant.
845 3565 868 3596 v.
879 3544 989 3596 Eustath.
1000 3545 1031 3595 ad
1040 3546 1151 3613 Dionysii

131 3623 173 3672 41.
182 3619 290 3670 Coeuntio
300 3637 379 3683 rumpe
392 3621 513 3686 Vulnera]
527 3621 600 3670 Rum-
652 3620 807 3688 Περιὴγησιν
818 3639 841 3671 v.
851 3621 907 3670 145.
917 3620 957 3670 ubi
967 3620 997 3670 de
1005 3621 1083 3670 Ponto
1090 3621 1152 3687 ejus-

97 3715 150 3760 pom
159 3689 295 3745 Vntidnnus
309 3694 420 3760 optimos,
432 3697 535 3762 optimus
545 3696 601 3744 Me·
651 3712 698 3761 que
709 3695 797 3745 finibus
805 3705 829 3745 et
839 3695 923 3744 incolis
931 3695 1020 3743 multus
1028 3702 1073 3744 est.
1091 3695 1153 3744 Her-

98 3769 192 3824 diceus‚
203 3775 229 3816 et
239 3776 288 3818 tres
298 3769 339 3817 alii
348 3786 356 3829 ;
366 3783 463 3834 sequor:
477 3769 528 3835 ipse
538 3769 601 3819 enirn
652 3769 719 3819 cules
734 3777 784 3827 aut,
796 3779 822 3818 ut
837 3769 878 3818 alii
891 3769 971 3818 semnt
985 3769 1055 3816 Iones
1069 3776 1153 3835 postea

98 3843 190 3909 rumpit
210 3843 311 3894 vulnera
329 3844 487 3902 retractando,
503 3859 603 3910 quorum
653 3841 773 3892 Euxinum
780 3844 914 3893 nominasse
921 3842 1040 3891 dicuntur.
1051 3841 1152 3892 Salmas.

98 3915 340 3982 mentionem-injicit.
362 3916 452 3967 Huius.
653 3915 678 3966 in
689 3917 803 3967 Exercitt.
816 3916 920 3966 Plinian.
929 3933 953 3982 p.
959 3917 1016 3964 20³.
1033 3913 1152 3963 Scholias-

132 3995 173 4042 46.
186 3989 258 4054 quue
272 3991 334 4040 Deus
343 3991 436 4055 until]
455 3991 499 4039 Mo
512 3989 605 4040 scilicet
654 3992 685 4040 tis
694 3990 725 4040 sd
736 3991 890 4058 Apollonium
901 3988 1064 4040 verbslaudst
1072 4005 1079 4048 3
1089 3989 1151 4054 πρό-

99 4067 175 4134 culpa
192 4081 283 4115 carere.
319 4065 400 4126 Deum
418 4072 507 4122 summ,
518 4063 602 4130 Augu·
654 4084 726 4132 τερον
737 4065 898 4133 intumos
909 4060 1154 4130 xrpsorsor'rpwoc'n·

98 4149 164 4191 stom
176 4138 298 4204 intelligit.
309 4139 407 4189 lom.
415 4138 481 4189 Vita.
498 4139 603 4203 Opndo-
654 4139 866 4198 (canonicandum.
893 4137 957 4186 Vide
967 4152 1039 4203 supra
1048 4135 1083 4186 iii.
1092 4134 1119 4185 ii.
1129 4137 1153 4185 7.

101 4223 190 4264 tracus
199 4213 264 4263 milri.
297 4213 364 4280 Opes
372 4213 432 4264 inihi
442 4214 563 4264 ndemtss:
578 4222 605 4263 ut
655 4213 693 4262 El'.
703 4213 745 4263 xii.
756 4213 844 4263 ³238.
868 4211 980 4280 Hirtus.

100 4287 225 4339 exsulibus
235 4286 286 4337 fieri
295 4286 364 4338 solet.
