<?xml version="1.0" encoding="UTF-8"?>
<!DOCTYPE html PUBLIC "-//W3C//DTD XHTML 1.0 Transitional//EN"
    "http://www.w3.org/TR/xhtml1/DTD/xhtml1-transitional.dtd">
<html xmlns="http://www.w3.org/1999/xhtml" xml:lang="en" lang="en">
 <head>
  <title>
</title>
<meta http-equiv="Content-Type" content="text/html;charset=utf-8" />
  <meta name='ocr-system' content='tesseract 3.04.00' />
  <meta name='ocr-capabilities' content='ocr_page ocr_carea ocr_par ocr_line ocrx_word'/>
</head>
<body>
  <div class='ocr_page' id='page_1' title='image "./povidiinasoniso09burmgoog_0292.png"; bbox 0 0 2974 5100; ppageno 0'>
   <div class='ocr_carea' id='block_1_1' title="bbox 356 411 1106 488">
    <p class='ocr_par' dir='ltr' id='par_1_1' title="bbox 356 411 1106 488">
     <span class='ocr_line' id='line_1_1' title="bbox 356 411 1106 488; baseline -0.012 -1"><span class='ocrx_word' id='word_1_1' title='bbox 356 421 421 488; x_wconf 77' lang='lat' dir='ltr'><strong>uls</strong></span> <span class='ocrx_word' id='word_1_2' title='bbox 647 415 686 482; x_wconf 83' lang='lat'><strong>1³.</strong></span> <span class='ocrx_word' id='word_1_3' title='bbox 710 412 870 482; x_wconf 88' lang='lat' dir='ltr'>OVIDII</span> <span class='ocrx_word' id='word_1_4' title='bbox 895 411 1106 480; x_wconf 76' lang='lat' dir='ltr'>NASONIS</span> 
     </span>
    </p>
   </div>
   <div class='ocr_carea' id='block_1_2' title="bbox 298 587 1390 2411">
    <p class='ocr_par' dir='ltr' id='par_1_2' title="bbox 358 587 1376 779">
     <span class='ocr_line' id='line_1_2' title="bbox 358 587 1376 686; baseline -0.007 -19"><span class='ocrx_word' id='word_1_5' title='bbox 358 592 443 667; x_wconf 88' lang='lat' dir='ltr'><strong>Huc</strong></span> <span class='ocrx_word' id='word_1_6' title='bbox 461 591 564 678; x_wconf 82' lang='lat' dir='ltr'><strong>ades,</strong></span> <span class='ocrx_word' id='word_1_7' title='bbox 583 600 622 664; x_wconf 85' lang='lat' dir='ltr'><strong>et</strong></span> <span class='ocrx_word' id='word_1_8' title='bbox 639 612 749 664; x_wconf 85' lang='lat' dir='ltr'><strong>casus</strong></span> <span class='ocrx_word' id='word_1_9' title='bbox 766 589 919 672; x_wconf 76' lang='lat' dir='ltr'>releves,</span> <span class='ocrx_word' id='word_1_10' title='bbox 935 587 1199 686; x_wconf 82' lang='lat' dir='ltr'>pulcherrime,</span> <span class='ocrx_word' id='word_1_11' title='bbox 1219 595 1376 670; x_wconf 84' lang='lat' dir='ltr'><strong>nostros,</strong></span> 
     </span>
     <span class='ocr_line' id='line_1_3' title="bbox 407 703 1206 779; baseline -0.006 0"><span class='ocrx_word' id='word_1_12' title='bbox 407 705 534 779; x_wconf 90' lang='lat' dir='ltr'><strong>Unum</strong></span> <span class='ocrx_word' id='word_1_13' title='bbox 552 703 600 778; x_wconf 86' lang='lat' dir='ltr'><strong>de</strong></span> <span class='ocrx_word' id='word_1_14' title='bbox 616 725 770 778; x_wconf 87' lang='lat' dir='ltr'><strong>numero</strong></span> <span class='ocrx_word' id='word_1_15' title='bbox 786 727 848 777; x_wconf 86' lang='lat' dir='ltr'><strong>rne</strong></span> <span class='ocrx_word' id='word_1_16' title='bbox 866 725 1006 778; x_wconf 84' lang='lat' dir='ltr'><strong>memor</strong></span> <span class='ocrx_word' id='word_1_17' title='bbox 1023 725 1108 778; x_wconf 87' lang='lat' dir='ltr'><strong>esse</strong></span> <span class='ocrx_word' id='word_1_18' title='bbox 1126 713 1206 776; x_wconf 92' lang='lat' dir='ltr'><strong>tuo.</strong></span> 
     </span>
    </p>

    <p class='ocr_par' dir='ltr' id='par_1_3' title="bbox 358 819 1389 1020">
     <span class='ocr_line' id='line_1_4' title="bbox 358 819 1389 918; baseline -0.009 -20"><span class='ocrx_word' id='word_1_19' title='bbox 358 824 456 898; x_wconf 86' lang='lat' dir='ltr'>Sunt</span> <span class='ocrx_word' id='word_1_20' title='bbox 473 822 542 896; x_wconf 78' lang='lat' dir='ltr'><strong>Dis</strong></span> <span class='ocrx_word' id='word_1_21' title='bbox 560 821 655 895; x_wconf 87' lang='lat' dir='ltr'><strong>inter</strong></span> <span class='ocrx_word' id='word_1_22' title='bbox 672 844 713 918; x_wconf 86' lang='lat' dir='ltr'><strong>se</strong></span> <span class='ocrx_word' id='word_1_23' title='bbox 730 820 973 894; x_wconf 81' lang='lat' dir='ltr'><strong>commercia:</strong></span> <span class='ocrx_word' id='word_1_24' title='bbox 1002 819 1155 894; x_wconf 87' lang='lat' dir='ltr'><strong>flectere</strong></span> <span class='ocrx_word' id='word_1_25' title='bbox 1171 829 1281 892; x_wconf 76' lang='lat' dir='ltr'><strong>tento</strong></span> <span class='ocrx_word' id='word_1_26' title='bbox 1321 869 1326 876; x_wconf 89' lang='lat'>-</span> <span class='ocrx_word' id='word_1_27' title='bbox 1345 821 1389 890; x_wconf 84' lang='grc'><strong>45</strong></span> 
     </span>
     <span class='ocr_line' id='line_1_5' title="bbox 407 932 1245 1020; baseline -0.005 -8"><span class='ocrx_word' id='word_1_28' title='bbox 407 939 622 1012; x_wconf 81' lang='lat' dir='ltr'><strong>Caesnreum</strong></span> <span class='ocrx_word' id='word_1_29' title='bbox 639 959 778 1009; x_wconf 90' lang='lat' dir='ltr'><strong>numen</strong></span> <span class='ocrx_word' id='word_1_30' title='bbox 795 934 960 1020; x_wconf 88' lang='lat' dir='ltr'><strong>numine,</strong></span> <span class='ocrx_word' id='word_1_31' title='bbox 981 932 1146 1020; x_wconf 79' lang='lat' dir='ltr'><strong>Bacche,</strong></span> <span class='ocrx_word' id='word_1_32' title='bbox 1166 946 1245 1008; x_wconf 90' lang='lat' dir='ltr'><strong>tuo.</strong></span> 
     </span>
    </p>

    <p class='ocr_par' dir='ltr' id='par_1_4' title="bbox 354 1048 1348 1263">
     <span class='ocr_line' id='line_1_6' title="bbox 354 1048 1348 1151; baseline -0.003 -26"><span class='ocrx_word' id='word_1_33' title='bbox 354 1052 432 1128; x_wconf 88' lang='lat' dir='ltr'><strong>Vos</strong></span> <span class='ocrx_word' id='word_1_34' title='bbox 450 1075 613 1151; x_wconf 91' lang='lat' dir='ltr'><strong>quoque,</strong></span> <span class='ocrx_word' id='word_1_35' title='bbox 633 1059 824 1146; x_wconf 80' lang='lat' dir='ltr'><strong>consortes</strong></span> <span class='ocrx_word' id='word_1_36' title='bbox 842 1048 970 1136; x_wconf 87' lang='lat' dir='ltr'><strong>studii,</strong></span> <span class='ocrx_word' id='word_1_37' title='bbox 989 1049 1052 1147; x_wconf 85' lang='lat' dir='ltr'><strong>pia</strong></span> <span class='ocrx_word' id='word_1_38' title='bbox 1069 1048 1193 1134; x_wconf 81' lang='lat' dir='ltr'><strong>turbo,</strong></span> <span class='ocrx_word' id='word_1_39' title='bbox 1213 1059 1348 1148; x_wconf 71' lang='lat' dir='ltr'><strong>poetic,</strong></span> 
     </span>
     <span class='ocr_line' id='line_1_7' title="bbox 405 1165 1264 1263; baseline -0.003 -21"><span class='ocrx_word' id='word_1_40' title='bbox 405 1168 499 1244; x_wconf 86' lang='lat' dir='ltr'><strong>Haec</strong></span> <span class='ocrx_word' id='word_1_41' title='bbox 517 1168 649 1244; x_wconf 88' lang='lat' dir='ltr'><strong>eadem</strong></span> <span class='ocrx_word' id='word_1_42' title='bbox 666 1177 790 1240; x_wconf 88' lang='lat' dir='ltr'><strong>sumto</strong></span> <span class='ocrx_word' id='word_1_43' title='bbox 807 1165 970 1263; x_wconf 84' lang='lat' dir='ltr'><strong>quisque</strong></span> <span class='ocrx_word' id='word_1_44' title='bbox 989 1174 1119 1260; x_wconf 83' lang='lat' dir='ltr'><strong>rogate</strong></span> <span class='ocrx_word' id='word_1_45' title='bbox 1137 1189 1264 1240; x_wconf 89' lang='lat' dir='ltr'><strong>mero:</strong></span> 
     </span>
    </p>

    <p class='ocr_par' dir='ltr' id='par_1_5' title="bbox 353 1279 1389 1502">
     <span class='ocr_line' id='line_1_8' title="bbox 353 1279 1313 1385; baseline -0.003 -26"><span class='ocrx_word' id='word_1_46' title='bbox 353 1287 482 1383; x_wconf 86' lang='lat' dir='ltr'><strong>Atque</strong></span> <span class='ocrx_word' id='word_1_47' title='bbox 499 1285 634 1385; x_wconf 81' lang='lat' dir='ltr'><strong>aliquis</strong></span> <span class='ocrx_word' id='word_1_48' title='bbox 651 1294 827 1369; x_wconf 84' lang='lat' dir='ltr'><strong>vestrum,</strong></span> <span class='ocrx_word' id='word_1_49' title='bbox 848 1279 1011 1356; x_wconf 82' lang='lat' dir='ltr'><strong>Nasonis</strong></span> <span class='ocrx_word' id='word_1_50' title='bbox 1029 1280 1181 1358; x_wconf 88' lang='lat' dir='ltr'><strong>nomine</strong></span> <span class='ocrx_word' id='word_1_51' title='bbox 1197 1281 1313 1368; x_wconf 88' lang='lat' dir='ltr'><strong>dicto,</strong></span> 
     </span>
     <span class='ocr_line' id='line_1_9' title="bbox 405 1397 1389 1502; baseline -0.006 -28"><span class='ocrx_word' id='word_1_52' title='bbox 405 1401 582 1502; x_wconf 84' lang='lat' dir='ltr'><strong>Deponat</strong></span> <span class='ocrx_word' id='word_1_53' title='bbox 598 1399 773 1497; x_wconf 83' lang='lat' dir='ltr'>lacrymis</span> <span class='ocrx_word' id='word_1_54' title='bbox 783 1399 928 1497; x_wconf 55' lang='lat' dir='ltr'><strong>‚pocula</strong></span> <span class='ocrx_word' id='word_1_55' title='bbox 945 1397 1058 1472; x_wconf 80' lang='lat' dir='ltr'><strong>mista</strong></span> <span class='ocrx_word' id='word_1_56' title='bbox 1074 1397 1176 1486; x_wconf 82' lang='lat' dir='ltr'><strong>suis;</strong></span> <span class='ocrx_word' id='word_1_57' title='bbox 1345 1401 1389 1469; x_wconf 89' lang='grc'><strong>50</strong></span> 
     </span>
    </p>

    <p class='ocr_par' dir='ltr' id='par_1_6' title="bbox 355 1512 1379 1725">
     <span class='ocr_line' id='line_1_10' title="bbox 355 1512 1379 1613; baseline -0.006 -23"><span class='ocrx_word' id='word_1_58' title='bbox 355 1517 656 1613; x_wconf 76' lang='lat' dir='ltr'><strong>Admonitaeque</strong></span> <span class='ocrx_word' id='word_1_59' title='bbox 672 1513 759 1600; x_wconf 85' lang='lat' dir='ltr'><strong>mei,</strong></span> <span class='ocrx_word' id='word_1_60' title='bbox 778 1536 894 1611; x_wconf 91' lang='lat' dir='ltr'><strong>quum</strong></span> <span class='ocrx_word' id='word_1_61' title='bbox 911 1512 1225 1610; x_wconf 82' lang='lat' dir='ltr'><strong>circumspexerit</strong></span> <span class='ocrx_word' id='word_1_62' title='bbox 1241 1535 1379 1594; x_wconf 90' lang='lat' dir='ltr'><strong>omnes,</strong></span> 
     </span>
     <span class='ocr_line' id='line_1_11' title="bbox 405 1627 1344 1725; baseline -0.007 -18"><span class='ocrx_word' id='word_1_63' title='bbox 405 1633 538 1707; x_wconf 85' lang='lat' dir='ltr'><strong>Dicat:</strong></span> <span class='ocrx_word' id='word_1_64' title='bbox 567 1629 632 1704; x_wconf 92' lang='lat' dir='ltr'><strong>ubi</strong></span> <span class='ocrx_word' id='word_1_65' title='bbox 648 1640 708 1705; x_wconf 89' lang='lat' dir='ltr'><strong>est</strong></span> <span class='ocrx_word' id='word_1_66' title='bbox 725 1628 840 1702; x_wconf 83' lang='lat' dir='ltr'><strong>nostri</strong></span> <span class='ocrx_word' id='word_1_67' title='bbox 858 1651 944 1725; x_wconf 84' lang='lat' dir='ltr'><strong>pers</strong></span> <span class='ocrx_word' id='word_1_68' title='bbox 962 1629 1073 1703; x_wconf 88' lang='lat' dir='ltr'><strong>modo</strong></span> <span class='ocrx_word' id='word_1_69' title='bbox 1093 1627 1198 1704; x_wconf 81' lang='lat' dir='ltr'><strong>Naso</strong></span> <span class='ocrx_word' id='word_1_70' title='bbox 1216 1627 1344 1703; x_wconf 84' lang='lat' dir='ltr'><strong>choril</strong></span> 
     </span>
    </p>

    <p class='ocr_par' dir='ltr' id='par_1_7' title="bbox 357 1743 1304 1846">
     <span class='ocr_line' id='line_1_12' title="bbox 357 1743 1304 1846; baseline -0.004 -24"><span class='ocrx_word' id='word_1_71' title='bbox 357 1749 478 1846; x_wconf 91' lang='lat' dir='ltr'><strong>quue</strong></span> <span class='ocrx_word' id='word_1_72' title='bbox 497 1748 560 1834; x_wconf 82' lang='lat' dir='ltr'><strong>ite,</strong></span> <span class='ocrx_word' id='word_1_73' title='bbox 580 1747 612 1820; x_wconf 89' lang='lat' dir='ltr'><strong>si</strong></span> <span class='ocrx_word' id='word_1_74' title='bbox 629 1757 793 1822; x_wconf 87' lang='lat' dir='ltr'><strong>vestrum</strong></span> <span class='ocrx_word' id='word_1_75' title='bbox 810 1745 929 1818; x_wconf 91' lang='lat' dir='ltr'><strong>merui</strong></span> <span class='ocrx_word' id='word_1_76' title='bbox 947 1744 1109 1819; x_wconf 86' lang='lat' dir='ltr'><strong>candore</strong></span> <span class='ocrx_word' id='word_1_77' title='bbox 1126 1743 1304 1830; x_wconf 80' lang='lat' dir='ltr'><strong>furorem,</strong></span> 
     </span>
    </p>

    <p class='ocr_par' dir='ltr' id='par_1_8' title="bbox 298 1860 1188 1960">
     <span class='ocr_line' id='line_1_13' title="bbox 298 1860 1188 1960; baseline -0.002 -24"><span class='ocrx_word' id='word_1_78' title='bbox 298 1863 300 1868; x_wconf 79' lang='grc'><strong>’</strong></span> <span class='ocrx_word' id='word_1_79' title='bbox 408 1864 598 1960; x_wconf 81' lang='lat' dir='ltr'><strong>Nullaque</strong></span> <span class='ocrx_word' id='word_1_80' title='bbox 611 1861 756 1959; x_wconf 90' lang='lat' dir='ltr'><strong>jndicio</strong></span> <span class='ocrx_word' id='word_1_81' title='bbox 772 1861 881 1934; x_wconf 81' lang='lat' dir='ltr'><strong>litero</strong></span> <span class='ocrx_word' id='word_1_82' title='bbox 898 1860 988 1934; x_wconf 80' lang='lat' dir='ltr'><strong>laesu</strong></span> <span class='ocrx_word' id='word_1_83' title='bbox 1006 1883 1091 1936; x_wconf 86' lang='lat' dir='ltr'><strong>meo</strong></span> <span class='ocrx_word' id='word_1_84' title='bbox 1108 1871 1188 1934; x_wconf 86' lang='lat' dir='ltr'><strong>est:</strong></span> 
     </span>
    </p>

    <p class='ocr_par' dir='ltr' id='par_1_9' title="bbox 358 1976 1390 2167">
     <span class='ocr_line' id='line_1_14' title="bbox 358 1976 1376 2076; baseline -0.004 -24"><span class='ocrx_word' id='word_1_85' title='bbox 358 1978 411 2065; x_wconf 91' lang='lat' dir='ltr'><strong>Si,</strong></span> <span class='ocrx_word' id='word_1_86' title='bbox 429 1989 598 2054; x_wconf 87' lang='lat' dir='ltr'><strong>veterum</strong></span> <span class='ocrx_word' id='word_1_87' title='bbox 615 1977 728 2074; x_wconf 87' lang='lat' dir='ltr'><strong>digne</strong></span> <span class='ocrx_word' id='word_1_88' title='bbox 744 2001 899 2052; x_wconf 90' lang='lat' dir='ltr'><strong>veneror</strong></span> <span class='ocrx_word' id='word_1_89' title='bbox 912 2001 1029 2074; x_wconf 91' lang='lat' dir='ltr'><strong>quum</strong></span> <span class='ocrx_word' id='word_1_90' title='bbox 1047 1977 1190 2076; x_wconf 87' lang='lat' dir='ltr'><strong>scriptu</strong></span> <span class='ocrx_word' id='word_1_91' title='bbox 1206 1976 1376 2060; x_wconf 87' lang='lat' dir='ltr'><strong>virorum,</strong></span> 
     </span>
     <span class='ocr_line' id='line_1_15' title="bbox 406 2083 1390 2167; baseline -0.004 -1"><span class='ocrx_word' id='word_1_92' title='bbox 406 2093 584 2166; x_wconf 86' lang='lat' dir='ltr'><strong>Proxima</strong></span> <span class='ocrx_word' id='word_1_93' title='bbox 599 2083 675 2166; x_wconf 91' lang='lat' dir='ltr'><strong>non</strong></span> <span class='ocrx_word' id='word_1_94' title='bbox 691 2094 764 2166; x_wconf 88' lang='lat' dir='ltr'><strong>illis</strong></span> <span class='ocrx_word' id='word_1_95' title='bbox 782 2117 866 2167; x_wconf 86' lang='lat' dir='ltr'><strong>esse</strong></span> <span class='ocrx_word' id='word_1_96' title='bbox 884 2091 1028 2166; x_wconf 80' lang='lat' dir='ltr'><strong>minora</strong></span> <span class='ocrx_word' id='word_1_97' title='bbox 1048 2115 1144 2166; x_wconf 88' lang='lat' dir='ltr'><strong>reor.</strong></span> <span class='ocrx_word' id='word_1_98' title='bbox 1347 2093 1390 2163; x_wconf 87' lang='grc'><strong>56</strong></span> 
     </span>
    </p>

    <p class='ocr_par' dir='ltr' id='par_1_10' title="bbox 358 2206 1292 2411">
     <span class='ocr_line' id='line_1_16' title="bbox 358 2206 1245 2306; baseline 0.001 -26"><span class='ocrx_word' id='word_1_99' title='bbox 358 2206 421 2280; x_wconf 92' lang='lat' dir='ltr'><strong>Sic</strong></span> <span class='ocrx_word' id='word_1_100' title='bbox 439 2206 550 2302; x_wconf 86' lang='lat' dir='ltr'><strong>igitur</strong></span> <span class='ocrx_word' id='word_1_101' title='bbox 565 2209 700 2282; x_wconf 85' lang='lat' dir='ltr'><strong>dextro</strong></span> <span class='ocrx_word' id='word_1_102' title='bbox 716 2207 861 2282; x_wconf 82' lang='lat' dir='ltr'><strong>faciatis</strong></span> <span class='ocrx_word' id='word_1_103' title='bbox 878 2208 1053 2306; x_wconf 88' lang='lat' dir='ltr'><strong>Apolline</strong></span> <span class='ocrx_word' id='word_1_104' title='bbox 1070 2231 1245 2282; x_wconf 69' lang='lat' dir='ltr'><strong>cumen:</strong></span> 
     </span>
     <span class='ocr_line' id='line_1_17' title="bbox 404 2320 1292 2411; baseline 0 -17"><span class='ocrx_word' id='word_1_105' title='bbox 404 2320 516 2405; x_wconf 88' lang='lat' dir='ltr'><strong>Quod</strong></span> <span class='ocrx_word' id='word_1_106' title='bbox 528 2324 629 2411; x_wconf 85' lang='lat' dir='ltr'><strong>licet,</strong></span> <span class='ocrx_word' id='word_1_107' title='bbox 648 2324 745 2398; x_wconf 91' lang='lat' dir='ltr'><strong>inter</strong></span> <span class='ocrx_word' id='word_1_108' title='bbox 761 2347 825 2396; x_wconf 88' lang='lat' dir='ltr'><strong>vos</strong></span> <span class='ocrx_word' id='word_1_109' title='bbox 841 2347 978 2397; x_wconf 89' lang='lat' dir='ltr'><strong>nornen</strong></span> <span class='ocrx_word' id='word_1_110' title='bbox 996 2323 1133 2398; x_wconf 84' lang='lat' dir='ltr'><strong>habete</strong></span> <span class='ocrx_word' id='word_1_111' title='bbox 1152 2347 1292 2397; x_wconf 84' lang='lat' dir='ltr'><strong>meum.</strong></span> 
     </span>
    </p>
   </div>
   <div class='ocr_carea' id='block_1_3' title="bbox 688 2655 1061 2671">
    <p class='ocr_par' dir='ltr' id='par_1_11' title="bbox 688 2655 1061 2671">
     <span class='ocr_line' id='line_1_18' title="bbox 688 2655 1061 2671; baseline -0.003 -5"><span class='ocrx_word' id='word_1_112' title='bbox 688 2655 1061 2671; x_wconf 55' lang='grc' dir='ltr'>Ἠ</span> 
     </span>
    </p>
   </div>
   <div class='ocr_carea' id='block_1_4' title="bbox 706 2902 1047 2978">
    <p class='ocr_par' dir='ltr' id='par_1_12' title="bbox 706 2902 1047 2978">
     <span class='ocr_line' id='line_1_19' title="bbox 706 2902 1047 2978; baseline 0.003 -3"><span class='ocrx_word' id='word_1_113' title='bbox 706 2902 945 2978; x_wconf 90' lang='lat' dir='ltr'><strong>ELEGIA</strong></span> <span class='ocrx_word' id='word_1_114' title='bbox 974 2903 1047 2978; x_wconf 89' lang='lat' dir='ltr'><strong>IV.</strong></span> 
     </span>
    </p>
   </div>
   <div class='ocr_carea' id='block_1_5' title="bbox 358 3131 1393 3581">
    <p class='ocr_par' dir='ltr' id='par_1_13' title="bbox 358 3131 1249 3350">
     <span class='ocr_line' id='line_1_20' title="bbox 358 3131 1230 3235; baseline 0.008 -31"><span class='ocrx_word' id='word_1_115' title='bbox 358 3131 514 3207; x_wconf 82' lang='lat' dir='ltr'><strong>eronn</strong></span> <span class='ocrx_word' id='word_1_116' title='bbox 534 3136 581 3209; x_wconf 82' lang='lat' dir='ltr'><strong>ab</strong></span> <span class='ocrx_word' id='word_1_117' title='bbox 601 3134 750 3208; x_wconf 89' lang='lat' dir='ltr'><strong>Euxino</strong></span> <span class='ocrx_word' id='word_1_118' title='bbox 770 3136 932 3211; x_wconf 85' lang='lat' dir='ltr'><strong>Nasonis</strong></span> <span class='ocrx_word' id='word_1_119' title='bbox 950 3137 1114 3235; x_wconf 82' lang='lat' dir='ltr'><strong>epistola</strong></span> <span class='ocrx_word' id='word_1_120' title='bbox 1130 3139 1230 3224; x_wconf 88' lang='lat' dir='ltr'><strong>veni,-</strong></span> 
     </span>
     <span class='ocr_line' id='line_1_21' title="bbox 408 3243 1249 3350; baseline 0.011 -33"><span class='ocrx_word' id='word_1_121' title='bbox 408 3243 598 3347; x_wconf 78' lang='lat' dir='ltr'><strong>Lassaque</strong></span> <span class='ocrx_word' id='word_1_122' title='bbox 615 3249 713 3324; x_wconf 85' lang='lat' dir='ltr'><strong>lacta</strong></span> <span class='ocrx_word' id='word_1_123' title='bbox 730 3251 833 3337; x_wconf 82' lang='lat' dir='ltr'><strong>mari,</strong></span> <span class='ocrx_word' id='word_1_124' title='bbox 852 3252 1029 3350; x_wconf 81' lang='lat' dir='ltr'><strong>lassaque</strong></span> <span class='ocrx_word' id='word_1_125' title='bbox 1047 3251 1149 3326; x_wconf 84' lang='lat' dir='ltr'><strong>facta</strong></span> <span class='ocrx_word' id='word_1_126' title='bbox 1165 3253 1249 3341; x_wconf 83' lang='lat' dir='ltr'><strong>via;</strong></span> 
     </span>
    </p>

    <p class='ocr_par' dir='ltr' id='par_1_14' title="bbox 358 3358 1393 3581">
     <span class='ocr_line' id='line_1_22' title="bbox 358 3358 1393 3469; baseline 0.01 -39"><span class='ocrx_word' id='word_1_127' title='bbox 358 3358 431 3442; x_wconf 88' lang='lat' dir='ltr'><strong>Qui</strong></span> <span class='ocrx_word' id='word_1_128' title='bbox 459 3363 548 3436; x_wconf 88' lang='lat' dir='ltr'><strong>mihi</strong></span> <span class='ocrx_word' id='word_1_129' title='bbox 574 3364 669 3437; x_wconf 89' lang='lat' dir='ltr'><strong>flens</strong></span> <span class='ocrx_word' id='word_1_130' title='bbox 695 3365 813 3440; x_wconf 85' lang='lat' dir='ltr'><strong>dixit:</strong></span> <span class='ocrx_word' id='word_1_131' title='bbox 846 3379 900 3457; x_wconf 90' lang='lat' dir='ltr'><strong>tn,</strong></span> <span class='ocrx_word' id='word_1_132' title='bbox 929 3368 991 3441; x_wconf 91' lang='lat' dir='ltr'><strong>cui</strong></span> <span class='ocrx_word' id='word_1_133' title='bbox 1018 3368 1119 3456; x_wconf 91' lang='lat' dir='ltr'><strong>licet,</strong></span> <span class='ocrx_word' id='word_1_134' title='bbox 1139 3368 1298 3469; x_wconf 84' lang='lat' dir='ltr'><strong>adspice</strong></span> <span class='ocrx_word' id='word_1_135' title='bbox 1325 3369 1393 3442; x_wconf 86' lang='lat' dir='ltr'><strong>Ro·</strong></span> 
     </span>
     <span class='ocr_line' id='line_1_23' title="bbox 408 3471 1392 3581; baseline 0.014 -36"><span class='ocrx_word' id='word_1_136' title='bbox 408 3471 510 3548; x_wconf 81' lang='lat' dir='ltr'><strong>Heu!</strong></span> <span class='ocrx_word' id='word_1_137' title='bbox 537 3487 678 3574; x_wconf 87' lang='lat' dir='ltr'><strong>quanto</strong></span> <span class='ocrx_word' id='word_1_138' title='bbox 689 3479 821 3554; x_wconf 90' lang='lat' dir='ltr'><strong>melior</strong></span> <span class='ocrx_word' id='word_1_139' title='bbox 838 3507 918 3556; x_wconf 88' lang='lat' dir='ltr'><strong>sors</strong></span> <span class='ocrx_word' id='word_1_140' title='bbox 932 3494 998 3557; x_wconf 85' lang='lat' dir='ltr'><strong>tun</strong></span> <span class='ocrx_word' id='word_1_141' title='bbox 1015 3493 1116 3558; x_wconf 87' lang='lat' dir='ltr'><strong>sorte</strong></span> <span class='ocrx_word' id='word_1_142' title='bbox 1128 3485 1233 3558; x_wconf 83' lang='lat' dir='ltr'><strong>meal</strong></span> <span class='ocrx_word' id='word_1_143' title='bbox 1263 3487 1392 3581; x_wconf 78' lang='lat' dir='ltr'>[mam3</span> 
     </span>
    </p>
   </div>
   <div class='ocr_carea' id='block_1_6' title="bbox 356 3683 1399 4260">
    <p class='ocr_par' dir='ltr' id='par_1_15' title="bbox 356 3683 1397 3907">
     <span class='ocr_line' id='line_1_24' title="bbox 388 3683 1397 3764; baseline 0.012 -33"><span class='ocrx_word' id='word_1_144' title='bbox 388 3683 428 3732; x_wconf 74' lang='lat'><strong>⁴³.</strong></span> <span class='ocrx_word' id='word_1_145' title='bbox 447 3683 622 3752; x_wconf 63' lang='lat' dir='ltr'><strong>Pulcherrima]</strong></span> <span class='ocrx_word' id='word_1_146' title='bbox 641 3689 705 3748; x_wconf 70' lang='lat' dir='ltr'><strong>Quia</strong></span> <span class='ocrx_word' id='word_1_147' title='bbox 721 3691 770 3756; x_wconf 81' lang='lat' dir='ltr'><strong>ipre</strong></span> <span class='ocrx_word' id='word_1_148' title='bbox 787 3693 850 3742; x_wconf 76' lang='lat' dir='ltr'><strong>Bec-</strong></span> <span class='ocrx_word' id='word_1_149' title='bbox 899 3695 1006 3760; x_wconf 80' lang='lat' dir='ltr'><strong>proximo</strong></span> <span class='ocrx_word' id='word_1_150' title='bbox 1016 3702 1096 3744; x_wconf 77' lang='lat' dir='ltr'><strong>vestm</strong></span> <span class='ocrx_word' id='word_1_151' title='bbox 1112 3695 1220 3747; x_wconf 72' lang='lat' dir='ltr'><strong>carmina</strong></span> <span class='ocrx_word' id='word_1_152' title='bbox 1237 3696 1343 3764; x_wconf 71' lang='lat' dir='ltr'><strong>untiquis</strong></span> <span class='ocrx_word' id='word_1_153' title='bbox 1356 3711 1397 3745; x_wconf 89' lang='lat' dir='ltr'><strong>non</strong></span> 
     </span>
     <span class='ocr_line' id='line_1_25' title="bbox 356 3751 1397 3828; baseline 0.016 -26"><span class='ocrx_word' id='word_1_154' title='bbox 356 3751 414 3803; x_wconf 72' lang='lat' dir='ltr'><strong>clins</strong></span> <span class='ocrx_word' id='word_1_155' title='bbox 424 3763 449 3804; x_wconf 85' lang='lat' dir='ltr'><strong>ct</strong></span> <span class='ocrx_word' id='word_1_156' title='bbox 459 3757 545 3824; x_wconf 81' lang='lat' dir='ltr'><strong>Apollo</strong></span> <span class='ocrx_word' id='word_1_157' title='bbox 553 3776 644 3827; x_wconf 82' lang='lat' dir='ltr'><strong>semper</strong></span> <span class='ocrx_word' id='word_1_158' title='bbox 650 3763 849 3827; x_wconf 81' lang='lat' dir='ltr'><strong>juvenes,imber·</strong></span> <span class='ocrx_word' id='word_1_159' title='bbox 899 3783 950 3816; x_wconf 77' lang='lat' dir='ltr'><strong>csse</strong></span> <span class='ocrx_word' id='word_1_160' title='bbox 969 3767 1087 3818; x_wconf 73' lang='lat' dir='ltr'><strong>inferiora.</strong></span> <span class='ocrx_word' id='word_1_161' title='bbox 1124 3769 1234 3819; x_wconf 74' lang='lat' dir='ltr'><strong>Proximo</strong></span> <span class='ocrx_word' id='word_1_162' title='bbox 1255 3777 1343 3828; x_wconf 75' lang='lat' dir='ltr'><strong>tutem,</strong></span> <span class='ocrx_word' id='word_1_163' title='bbox 1360 3775 1397 3818; x_wconf 73' lang='lat' dir='ltr'><strong>ont</strong></span> 
     </span>
     <span class='ocr_line' id='line_1_26' title="bbox 356 3827 1319 3907; baseline 0.02 -32"><span class='ocrx_word' id='word_1_164' title='bbox 356 3827 636 3896; x_wconf 66' lang='lat' dir='ltr'><strong>beuetvirginenlncie.</strong></span> <span class='ocrx_word' id='word_1_165' title='bbox 671 3837 749 3887; x_wconf 74' lang='lat' dir='ltr'><strong>Pons.</strong></span> <span class='ocrx_word' id='word_1_166' title='bbox 899 3840 1319 3907; x_wconf 76' lang='lat' dir='ltr'><strong>vicine.antnuperevobiscditc.</strong></span> 
     </span>
    </p>

    <p class='ocr_par' dir='ltr' id='par_1_16' title="bbox 356 3903 1399 4202">
     <span class='ocr_line' id='line_1_27' title="bbox 389 3903 1399 3982; baseline 0.018 -34"><span class='ocrx_word' id='word_1_167' title='bbox 389 3903 428 3950; x_wconf 75' lang='lat'><strong>54.</strong></span> <span class='ocrx_word' id='word_1_168' title='bbox 449 3903 565 3969; x_wconf 71' lang='lat' dir='ltr'><strong>Nullaque</strong></span> <span class='ocrx_word' id='word_1_169' title='bbox 576 3909 690 3974; x_wconf 71' lang='lat' dir='ltr'><strong>judicio]</strong></span> <span class='ocrx_word' id='word_1_170' title='bbox 715 3911 741 3960; x_wconf 87' lang='lat' dir='ltr'><strong>Si</strong></span> <span class='ocrx_word' id='word_1_171' title='bbox 762 3911 850 3960; x_wconf 84' lang='lat' dir='ltr'><strong>nullius</strong></span> <span class='ocrx_word' id='word_1_172' title='bbox 931 3915 973 3963; x_wconf 77' lang='grc'><strong>58.</strong></span> <span class='ocrx_word' id='word_1_173' title='bbox 990 3913 1076 3963; x_wconf 76' lang='lat' dir='ltr'><strong>Nomou</strong></span> <span class='ocrx_word' id='word_1_174' title='bbox 1093 3916 1174 3964; x_wconf 74' lang='lat' dir='ltr'><strong>labore</strong></span> <span class='ocrx_word' id='word_1_175' title='bbox 1190 3917 1288 3982; x_wconf 63' lang='lat' dir='ltr'><strong>mm]</strong></span> <span class='ocrx_word' id='word_1_176' title='bbox 1319 3915 1399 3965; x_wconf 67' lang='lat' dir='ltr'><strong>Halata</strong></span> 
     </span>
     <span class='ocr_line' id='line_1_28' title="bbox 356 3981 1397 4056; baseline 0.014 -33"><span class='ocrx_word' id='word_1_177' title='bbox 356 3981 458 4056; x_wconf 62' lang='lat' dir='ltr'><strong>vostrum</strong></span> <span class='ocrx_word' id='word_1_178' title='bbox 471 3989 565 4028; x_wconf 70' lang='lat' dir='ltr'><strong>carmen</strong></span> <span class='ocrx_word' id='word_1_179' title='bbox 575 3981 653 4030; x_wconf 72' lang='lat' dir='ltr'><strong>notavi</strong></span> <span class='ocrx_word' id='word_1_180' title='bbox 663 3997 783 4047; x_wconf 63' lang='lat' dir='ltr'><strong>unquam:</strong></span> <span class='ocrx_word' id='word_1_181' title='bbox 800 3993 849 4042; x_wconf 81' lang='lat' dir='ltr'><strong>ont,</strong></span> <span class='ocrx_word' id='word_1_182' title='bbox 899 3999 954 4034; x_wconf 87' lang='lat' dir='ltr'><strong>curn</strong></span> <span class='ocrx_word' id='word_1_183' title='bbox 965 3987 1109 4036; x_wconf 79' lang='lat' dir='ltr'><strong>melioribus.</strong></span> <span class='ocrx_word' id='word_1_184' title='bbox 1126 3987 1221 4039; x_wconf 75' lang='lat' dir='ltr'><strong>Herus.</strong></span> <span class='ocrx_word' id='word_1_185' title='bbox 1242 3989 1300 4040; x_wconf 88' lang='lat' dir='ltr'><strong>Solo</strong></span> <span class='ocrx_word' id='word_1_186' title='bbox 1310 3987 1397 4039; x_wconf 84' lang='lat' dir='ltr'><strong>nomine</strong></span> 
     </span>
     <span class='ocr_line' id='line_1_29' title="bbox 357 4057 1398 4130; baseline 0.021 -38"><span class='ocrx_word' id='word_1_187' title='bbox 357 4059 376 4093; x_wconf 81' lang='grc' dir='ltr'><strong>ιι</strong></span> <span class='ocrx_word' id='word_1_188' title='bbox 392 4061 417 4094; x_wconf 88' lang='grc' dir='ltr'><strong>ιιι</strong></span> <span class='ocrx_word' id='word_1_189' title='bbox 435 4062 579 4115; x_wconf 73' lang='lat' dir='ltr'><strong>quemquem</strong></span> <span class='ocrx_word' id='word_1_190' title='bbox 595 4063 698 4104; x_wconf 77' lang='lat' dir='ltr'><strong>vestrum</strong></span> <span class='ocrx_word' id='word_1_191' title='bbox 716 4057 850 4122; x_wconf 72' lang='grc' dir='ltr'><strong>ιιιοιάιιειιι</strong></span> <span class='ocrx_word' id='word_1_192' title='bbox 899 4058 944 4106; x_wconf 77' lang='lat' dir='ltr'><strong>sim</strong></span> <span class='ocrx_word' id='word_1_193' title='bbox 954 4059 1085 4117; x_wconf 83' lang='lat' dir='ltr'><strong>vobiscum,</strong></span> <span class='ocrx_word' id='word_1_194' title='bbox 1095 4061 1295 4130; x_wconf 73' lang='lat' dir='ltr'><strong>qundoquidem</strong></span> <span class='ocrx_word' id='word_1_195' title='bbox 1309 4073 1398 4128; x_wconf 64' lang='lat' dir='ltr'><strong>corpore</strong></span> 
     </span>
     <span class='ocr_line' id='line_1_30' title="bbox 357 4124 1398 4202; baseline 0.024 -38"><span class='ocrx_word' id='word_1_196' title='bbox 357 4133 448 4165; x_wconf 80' lang='lat' dir='ltr'><strong>versum</strong></span> <span class='ocrx_word' id='word_1_197' title='bbox 459 4135 579 4186; x_wconf 75' lang='lat' dir='ltr'><strong>nunquam</strong></span> <span class='ocrx_word' id='word_1_198' title='bbox 588 4124 704 4176; x_wconf 74' lang='grc' dir='ltr'><strong>ἀὶιιήιιιί.</strong></span> <span class='ocrx_word' id='word_1_199' title='bbox 898 4146 945 4179; x_wconf 88' lang='lat' dir='ltr'><strong>non</strong></span> <span class='ocrx_word' id='word_1_200' title='bbox 961 4147 1065 4198; x_wconf 77' lang='lat' dir='ltr'><strong>possum,</strong></span> <span class='ocrx_word' id='word_1_201' title='bbox 1076 4143 1172 4201; x_wconf 84' lang='lat' dir='ltr'><strong>propter</strong></span> <span class='ocrx_word' id='word_1_202' title='bbox 1183 4136 1339 4202; x_wconf 75' lang='lat' dir='ltr'><strong>Augustum:</strong></span> <span class='ocrx_word' id='word_1_203' title='bbox 1357 4133 1398 4188; x_wconf 78' lang='lat' dir='ltr'><strong>rel.</strong></span> 
     </span>
    </p>

    <p class='ocr_par' dir='ltr' id='par_1_17' title="bbox 390 4190 1166 4260">
     <span class='ocr_line' id='line_1_31' title="bbox 390 4190 1166 4260; baseline 0.024 -24"><span class='ocrx_word' id='word_1_204' title='bbox 390 4190 429 4238; x_wconf 79' lang='lat'><strong>⁵6.</strong></span> <span class='ocrx_word' id='word_1_205' title='bbox 447 4191 551 4252; x_wconf 62' lang='lat' dir='ltr'><strong>Proxime</strong></span> <span class='ocrx_word' id='word_1_206' title='bbox 562 4212 606 4243; x_wconf 75' lang='lat' dir='ltr'><strong>uon</strong></span> <span class='ocrx_word' id='word_1_207' title='bbox 616 4197 685 4260; x_wconf 74' lang='lat' dir='ltr'><strong>tutu]</strong></span> <span class='ocrx_word' id='word_1_208' title='bbox 703 4199 728 4246; x_wconf 88' lang='lat' dir='ltr'><strong>Si</strong></span> <span class='ocrx_word' id='word_1_209' title='bbox 742 4199 848 4258; x_wconf 71' lang='lat' dir='ltr'><strong>arbitror,</strong></span> <span class='ocrx_word' id='word_1_210' title='bbox 898 4203 944 4251; x_wconf 81' lang='lat' dir='ltr'><strong>rnei</strong></span> <span class='ocrx_word' id='word_1_211' title='bbox 956 4219 1072 4254; x_wconf 79' lang='lat' dir='ltr'><strong>memores</strong></span> <span class='ocrx_word' id='word_1_212' title='bbox 1082 4213 1166 4256; x_wconf 66' lang='lat' dir='ltr'><strong>utute.</strong></span> 
     </span>
    </p>
   </div>
   <div class='ocr_carea' id='block_1_7' title="bbox 0 0 1500 5100">
    <p class='ocr_par' dir='ltr' id='par_1_18' title="bbox 0 0 1500 5100">
     <span class='ocr_line' id='line_1_32' title="bbox 0 0 1500 5100; baseline 0 0"><span class='ocrx_word' id='word_1_213' title='bbox 0 0 1500 5100; x_wconf 95' lang='lat' dir='ltr'><strong> </strong></span> 
     </span>
    </p>
   </div>
  </div>
 </body>
</html>
