2982 5118
255 445 327 508 ax
351 443 512 510 rouro
538 443 628 510 uro.
653 443 723 510 ιιι.
748 445 892 514 arrsr.
918 449 966 514 ιι.
1067 453 1131 534 aar

88 618 191 694 Tunc
210 620 328 716 igitur
345 618 467 695 meriti
485 619 664 696 morietur
681 621 801 716 gratia
817 623 943 712 rostri,

136 737 266 822 Quum
285 739 380 812 cinis
399 739 572 814 absumto
590 761 747 838 corpore
764 739 887 815 sactus
905 765 981 816 ero.

87 854 220 942 Fallar,
242 865 283 929 et
299 856 365 930 illa
381 879 475 930 meae
493 855 688 954 superabit
705 866 876 955 tempora
892 859 998 946 vitae;

134 972 175 1044 si
194 981 325 1047 tamen
343 997 366 1046 a
382 973 538 1046 memori
552 974 771 1072 posteritate
789 977 905 1072 legar.
1082 981 1132 1050 30

85 1088 255 1187 Corpora
272 1089 458 1164 debentur
472 1091 615 1165 moestis
632 1093 841 1188 exsanguia
858 1093 1001 1168 bustis:

131 1203 333 1301 Effugiunt
351 1215 514 1279 structos
533 1229 670 1280 nomen
684 1208 876 1306 honorque
894 1233 1016 1304 rogos.

85 1319 239 1394 Occidit
257 1331 297 1396 et
311 1321 493 1410 Theseus,
513 1324 636 1420 etqui
655 1325 847 1399 comitavit
865 1325 1050 1402 Oresten:

131 1438 210 1513 Sed
228 1449 356 1512 tamen
374 1438 413 1511 in
431 1439 562 1512 laudes
580 1439 669 1512 vivit
687 1449 847 1538 uterque
865 1466 965 1518 suas,

83 1551 157 1626 Vos
176 1555 293 1628 etiam
313 1555 385 1628 seri
404 1555 612 1629 laudabunt
628 1581 731 1657 saepe
749 1569 916 1657 nepotes,
1079 1564 1127 1634 35

131 1671 325 1770 Claraque
342 1673 414 1747 erit
429 1673 578 1772 scriptis
597 1675 716 1770 gloria
729 1686 852 1750 vestra
869 1676 976 1750 meis.

83 1784 152 1860 Hic
172 1812 329 1886 quoque
345 1789 576 1865 Sauromatae
590 1792 669 1886 jam
682 1815 747 1864 vos
764 1816 913 1878 novere,
927 1793 1125 1890 Getoeque,

129 1903 180 1977 Et
196 1905 296 1978 tales
316 1907 458 1981 animos
476 1909 636 1983 barbara
653 1910 764 1984 turba
780 1911 927 2007 probat.

82 2018 287 2120 Quumque
305 2047 375 2120 ego
393 2024 442 2098 de
460 2036 585 2099 vestra
601 2050 722 2125 nuper
735 2026 922 2125 probitate
937 2027 1125 2116 referrem,

128 2137 230 2213 Nam
249 2139 366 2213 didici
385 2140 521 2215 Getice
542 2142 827 2242 Sarmaticeque
845 2143 962 2241 loqui,
1077 2150 1126 2218 40

80 2253 187 2328 Forte
206 2279 329 2330 senex
347 2258 514 2355 quidam,
532 2269 634 2334 coetu
652 2283 770 2358 quum
788 2271 905 2335 staret
923 2261 962 2335 in
979 2263 1054 2347 illo,

127 2371 316 2448 Reddidit
333 2376 381 2447 ad
399 2387 546 2450 nostros
563 2377 656 2452 talia
672 2377 785 2451 verba
802 2401 934 2452 sonos:

79 2487 155 2561 Nos
166 2512 326 2588 quoque
336 2491 512 2564 amicitiae
523 2517 659 2567 nomen
673 2494 770 2566 bene
781 2493 963 2579 novimen,
972 2493 1123 2592 hospes,

125 2603 232 2691 Quos
251 2607 384 2705 procul
402 2632 425 2682 a
441 2608 547 2682 vobis
565 2608 721 2704 frigidus
741 2607 839 2681 Ister
856 2608 984 2682 habet.

80 2717 145 2794 Est
160 2723 270 2796 locus
290 2722 328 2794 in
348 2722 519 2820 Scythia,
539 2723 682 2798 Tauros
700 2723 831 2796 dixere
849 2722 1003 2822 prioree
1073 2727 1122 2795 45

124 2835 199 2922 Qui
214 2837 355 2913 Getica
371 2839 482 2937 longe
501 2864 575 2914 non
592 2840 645 2915 ita
661 2841 779 2915 distat
794 2841 921 2913 humo.

106 3042 143 3088 2⁷.
165 3041 286 3090 Morietur
301 3043 381 3108 gretie
394 3045 462 3092 uestri
476 3041 574 3106 metit]
659 3043 701 3092 88.
710 3043 775 3092 Talea
784 3039 892 3103 animm]
901 3038 1125 3092 Animorumtidos

78 3111 184 3164 Similiter
196 3115 266 3180 Virg.
280 3115 338 3163 AEn.
347 3113 388 3164 vii.
399 3131 447 3164 ver.
455 3117 519 3166 232:
627 3125 651 3164 et
661 3125 803 3165 constanter.

278 3205 321 3238 nee
331 3189 503 3254 ontraferetur
659 3191 699 3238 41.
719 3189 749 3238 ln
769 3191 810 3237 {tto
829 3188 909 3251 ceta]
929 3189 958 3239 lu
975 3188 1122 3240 maireium

108 3261 178 3311 Fauna
189 3265 254 3320 lcuie,
267 3267 372 3327 tantique
381 3265 488 3313 obolum
497 3267 576 3330 gratia
626 3279 721 3320 corona,
735 3263 775 3312 nbi
791 3261 901 3312 amicitie
913 3271 996 3314 ventre
1013 3271 1124 3314 conm-

65 3365 68 3370 ‡
130 3339 206 3402 sacti.
626 3337 864 3403 tiampraedicabenr·
890 3339 962 3388 Mna.

107 3412 144 3459 30.
162 3411 262 3478 Legae]
286 3413 406 3476 Legentur
423 3420 577 3462 monumenta
659 3413 698 3460 ta.
719 3412 831 3462 Reddidit
857 3414 888 3460 nd
913 3411 994 3474 wana]
1022 3411 1124 3478 Excepit

76 3492 99 3530 et
111 3485 217 3534 carmina
230 3499 296 3541 mee.
308 3494 387 3534 vestra
403 3485 428 3535 in
442 3501 481 3534 me
492 3485 577 3534 merita
626 3485 699 3534 verba
708 3499 762 3533 men
774 3484 816 3533 tali
830 3483 971 3534 narratione.
1006 3486 1061 3542 Vel,
1072 3485 1123 3534 lan·

77 3565 193 3608 tertetura.
622 3559 664 3608 dee
684 3575 700 3608 a
720 3560 843 3610 merobis
865 3559 975 3616 tributu,
993 3568 1019 3610 ut
1041 3559 1124 3608 amicis

107 3635 144 3682 33.
165 3635 196 3682 Et
213 3637 255 3698 qui
271 3637 389 3682 emitantt
407 3634 523 3698 Oreum]
542 3633 574 3682 Et
621 3631 725 3697 optimis.
745 3633 853 3698 jucunde
873 3633 972 3682 duorum
994 3632 1123 3684 amicornm

77 3707 196 3770 Pyladem,
214 3709 257 3774 qui
276 3707 386 3757 Orestem
404 3707 429 3756 iu
447 3707 573 3758 Tauricam
623 3706 885 3758 historiaconfirmevit.
913 3707 993 3757 Poxr.

75 3781 188 3844 regionem
200 3789 344 3848 prosecutus
353 3790 397 3830 eut.
657 3782 697 3830 ta.
708 3782 812 3846 idaspem]
828 3782 852 3831 0
863 3781 986 3847 peregrine
995 3780 1077 3830 Ovidi.

106 3857 143 3904 ³4.
165 3856 195 3906 In
215 3873 271 3905 aaut
293 3856 395 3919 tanda]
422 3856 451 3904 In
474 3854 573 3920 gloriam
657 3857 750 3904 toan
767 3857 867 3904 locutio
882 3853 996 3918 Scythia]
1016 3855 1123 3902 Haeeeat

75 3937 143 3979 tante
162 3931 286 3986 amicitie,
306 3945 360 3994 quaa
379 3929 425 3978 fuir
444 3929 506 3978 inter
526 3945 574 3978 eos,
624 3928 725 3977 narratio
739 3928 804 3978 senis
819 3925 951 3992 cujusdam,
966 3943 1038 3990 quem
1052 3933 1123 3992 poeta
1224 3973 1226 3980 ,

75 4004 119 4051 Vel
135 4004 159 4053 in
175 4003 262 4054 laudes
280 4002 414 4068 utriusque,
426 4003 478 4052 scil.
488 4004 574 4052 Thesei
623 4001 717 4052 inducit
731 4003 871 4052 referentem
883 4001 1012 4050 amicitiam
1024 3999 1122 4064 Pyladis

74 4085 98 4123 et
108 4079 211 4143 Pyladis.
623 4085 648 4125 et
656 4077 823 4141 Orestis,quoa
833 4076 858 4124 in
865 4073 989 4124 Tauricam
1000 4072 1121 4136 regionem

106 4153 143 4200 37.
154 4152 318 4215 Sauromata]
338 4151 423 4217 Populi
433 4151 468 4200 illi
476 4151 571 4219 Scythi-
624 4151 715 4200 veniae
743 4151 809 4206 dicit,
831 4149 873 4200 ubi
899 4148 1013 4212 regnabat
1033 4147 1121 4198 Thone.

75 4224 149 4291 ci‚qui
160 4227 194 4276 ita
205 4245 220 4277 a
230 4227 335 4282 Graecia,
346 4225 405 4275 alies
414 4225 522 4275 manare
531 4226 573 4276 ad·
627 4226 713 4274 Tauroi
730 4229 806 4276 dicere
822 4227 915 4286 priores.
936 4221 1040 4270 Taurica
1056 4221 1121 4286 repo

74 4300 195 4362 pellantur.
624 4303 733 4366 (auctore
751 4299 843 4362 Plinio)
858 4299 882 4348 in
898 4295 996 4360 Scythia
1014 4305 1058 4352 eet,
1070 4305 1122 4344 eta

722 4374 799 4424 Gan
