2982 5118
235 417 309 484 EX
334 415 495 484 PONTO
520 413 612 482 ΜΒ.
636 413 707 480 111.
731 413 878 482 EPIST.
901 413 972 482 lx.
1063 419 1128 485 m

290 755 293 762 Ι
385 590 711 730 ΕΡιετοιᾹ
752 653 830 730 ru.

520 817 695 885 BRUTO.

85 955 203 1040 Quor>
219 955 272 1029 sit
289 955 328 1028 in
346 955 405 1028 his
420 955 554 1030 eadem
572 954 771 1042 sententio,
793 953 924 1041 Brute,
943 954 1093 1046 libellis,

133 1071 314 1146 Carmina
331 1071 459 1145 nescio
478 1093 593 1167 quem
611 1093 766 1168 carpere
784 1079 912 1143 nostru
928 1069 1066 1147 refers:

86 1185 161 1271 Nil,
179 1185 265 1272 nisi,
285 1210 360 1273 me,
379 1195 480 1259 terra
496 1183 597 1258 fruar
613 1196 655 1258 ut
672 1184 857 1284 propiore,
875 1209 1027 1284 rogare3

133 1299 195 1387 Et,
214 1325 332 1399 quum
351 1299 423 1373 sim
441 1300 559 1392 denso
576 1299 722 1374 cinctus
741 1300 789 1374 ab
807 1300 927 1389 hoste,
946 1303 1065 1400 queri.

86 1417 119 1492 Ο
137 1442 252 1516 quam
271 1417 321 1490 de
338 1416 466 1491 multis
483 1417 614 1490 vitium
633 1417 919 1515 reprehenditur
935 1420 1071 1494 unum!
1105 1425 1128 1496 5

134 1533 218 1609 Hoc
237 1543 373 1633 peccat
390 1534 512 1608 solum
530 1533 562 1608 si
580 1557 664 1607 mea
682 1531 807 1621 Musa,
826 1535 923 1609 bene
940 1546 1011 1610 est.

85 1649 172 1750 lpse
189 1674 261 1748 ego
279 1649 459 1723 librorum
476 1649 586 1723 video
604 1647 744 1723 delicta
759 1672 940 1736 meorum,

133 1767 260 1853 Quum
280 1790 349 1840 sua
363 1765 449 1864 plus
463 1767 568 1864 justo
585 1765 752 1840 carmina
769 1766 932 1865 quisque
949 1769 1095 1867 probet.

85 1885 227 1959 Auctor
245 1907 341 1981 opus
359 1883 508 1957 laudat:
539 1882 593 1956 sic
611 1881 766 1957 forsitan
783 1881 921 1980 Agrius
935 1884 1029 1957 olim

134 1999 334 2074 Thersiten
352 1996 447 2072 facie
464 1997 604 2072 dixerit
622 2021 705 2072 esse
724 1998 835 2072 bona.
1086 2005 1131 2077 10

85 2115 278 2191 Judicium
293 2126 421 2190 tamen
438 2115 500 2191 hio
518 2126 687 2191 nostrum
705 2139 780 2188 non
797 2115 940 2214 decipit
956 2139 1078 2208 error3

134 2231 170 2306 N
172 2257 231 2320 ec,
250 2231 439 2330 quidquid
457 2232 581 2329 genui,
601 2229 771 2332 protinus
788 2231 880 2305 illud
897 2255 995 2306 amo.

89 2349 167 2423 Cur
184 2348 311 2446 igitur,
331 2347 363 2421 si
381 2371 441 2422 me
457 2349 605 2423 videam
623 2348 855 2447 delinquere,
874 2351 1056 2448 peccem?

135 2463 185 2538 Et
201 2464 324 2564 potiar
342 2463 483 2563 scripto
499 2463 642 2540 crimen
657 2464 806 2538 inesset
832 2487 954 2561 rogas.

89 2579 122 2653 N
125 2605 173 2654 on
191 2581 326 2655 eadem
344 2579 438 2655 ratio
456 2591 527 2670 est,
546 2581 684 2655 sentire
702 2590 742 2656 et
758 2575 1096 2658 demere'morbos:

135 2696 280 2771 Sensus
299 2696 397 2771 inest
414 2697 583 2787 cunctis;
612 2696 755 2772 tollitur
772 2707 852 2771 arte
870 2697 1022 2772 malum.
1085 2704 1129 2776 16

87 2811 196 2911 Saepe
214 2811 369 2911 aliquod
386 2815 543 2913 cupiens
560 2815 715 2888 verbum
733 2824 890 2900 mutare,
909 2812 1101 2913 relinqu03

134 2928 158 3003 J
160 2928 329 3004 udicium
347 2930 444 3004 vires
462 2931 747 3028 destituuntque
763 2954 902 3005 meum.

119 3115 139 3162 l.
158 3113 245 3162 Eadem
257 3114 391 3178 uulturio]
411 3115 503 3165 Eodem
510 3124 586 3166 mate·
671 3117 709 3165 ll.
727 3116 781 3164 Non
790 3117 875 3179 decipit
885 3119 1129 3184 uostmmjudiclum]

85 3187 118 3237 rie
128 3204 176 3254 qua
185 3205 244 3238 mus
254 3203 307 3236 sum
318 3187 389 3237 etiam
400 3188 426 3238 in
435 3187 532 3255 reliquis
542 3189 585 3239 hu·
636 3190 692 3239 Non
708 3189 770 3238 fallit
785 3205 864 3238 meum
878 3189 1003 3255 judicium,
1016 3191 1080 3256 quod
1095 3201 1133 3242 ert

84 3260 211 3327 insuperis
222 3259 319 3311 libellis.
635 3263 665 3312 de
682 3263 826 3314 carminibus
838 3265 905 3314 meis.
937 3265 1006 3316 Error
1018 3265 1081 3317 enim
1090 3269 1131 3334 ju·

116 3338 138 3385 7.
170 3337 239 3386 Video
266 3337 371 3401 delicto]
402 3335 480 3387 Video
506 3337 586 3403 plures
635 3338 724 3388 dicium
748 3347 852 3388 nuruum
878 3339 948 3399 teuit,
969 3357 1043 3406 quum
1068 3343 1134 3394 melu

86 3423 181 3466 errores,
194 3425 270 3475 quem
285 3426 360 3459 unum
375 3409 443 3460 illud.
479 3413 531 3460 Vidi
550 3429 586 3478 pr.
635 3411 1133 3474 nosmcumimbommeersdimmt

87 3481 123 3530 ed.
635 3485 669 3534 sic
679 3500 791 3534 suemus.

114 3557 138 3606 9.
155 3557 194 3606 Sic
196 3555 303 3621 sarnitan
313 3557 396 3606 Accius
406 3557 480 3620 olim]
499 3557 586 3621 Agrius
669 3561 707 3608 ld.
723 3559 813 3608 Smetre
824 3569 846 3608 et
860 3561 947 3610 darum
961 3564 1066 3628 mbos]
1085 3563 1133 3614 Co·

86 3627 273 3696 legendumjum
284 3632 376 3680 monuit
391 3631 416 3680 in
431 3631 496 3681 novis
506 3631 585 3680 Lecti-
635 3647 747 3697 gnoscere
761 3643 785 3683 et
798 3649 879 3684 curare
892 3635 1048 3688 infirmitates.
1079 3637 1132 3690 Hoc

85 3703 167 3753 onibus
188 3701 327 3753 Gulielmur
347 3704 474 3762 canterus,
496 3704 539 3754 lib.
560 3703 586 3754 ii.
637 3713 681 3763 est,
693 3723 738 3756 uon
748 3722 844 3772 possrun
854 3724 954 3758 errorem
966 3712 1094 3777 corrigere:

85 3791 135 3842 cup.
156 3794 222 3838 ως
250 3775 271 3825 is
292 3775 355 3826 enim
375 3778 489 3828 'l'lrersitn
508 3788 584 3844 parer·
798 3781 972 3836 θυΐωσιν-Μίνω
983 3786 1058 3833 larum

85 3850 171 3901 Herus.
200 3851 298 3900 Merula
307 3851 409 3902 Accium
418 3853 541 3920 iutelligit,
552 3853 584 3904 de
699 3856 759 3905 Sunt
770 3873 833 3919 opru,
844 3869 951 3921 arpoccm
962 3863 1042 3908 moria
1053 3861 1133 3908 laben

86 3939 130 3988 quo
142 3925 210 3974 Pers.
221 3925 272 3974 Sat.
284 3925 305 3972 1.
315 3940 375 3975 vers.
385 3929 431 3976 ὅθι
732 3931 821 3980 uolunt.

212 4009 302 4048 mm
313 4001 480 4051 tioltimdrci
669 4004 707 4053 16.
726 4004 827 4053 Tollitur
844 4015 894 4054 aru
912 4004 1017 4068 mulum]
1041 4004 1132 4054 Vitium

148 4075 339 4132 nmmum,
635 4077 746 4128 cuminis
762 4094 809 4128 non
825 4079 916 4144 indiget
926 4077 1001 4127 sulum
1012 4087 1038 4128 ut
1049 4078 1132 4143 depre-

85 4147 125 4197 sed
137 4148 169 4197 ibi
181 4149 234 4198 Arri
249 4146 519 4213 leglennetderecenti
634 4150 873 4210 hendetumedme
887 4165 946 4216 opus
960 4158 1068 4217 estque
1085 4167 1135 4202 nun

86 4227 117 4276 ts,
127 4221 168 4287 qui
183 4220 262 4271 Persii
270 4228 376 4288 tempore
386 4220 489 4281 vimbnt,
548 4239 585 4274 us·
634 4233 713 4290 potest
723 4226 768 4276 nisi
779 4225 858 4274 eluto
869 4223 947 4290 enimc
958 4223 1083 4288 proficisci.

85 4294 158 4348 &odit
168 4295 336 4354 cnsubonm,
670 4301 710 4350 17.
730 4299 864 4365 deliraque]
884 4296 975 4350 Omitto
983 4298 1074 4352 scilicet
1081 4313 1131 4348 rer-
