3006 5122
349 379 416 452 ωε
644 374 685 441 r.
709 373 872 442 otnnrr
896 373 1110 476 ussurus
1150 381 1152 384 ·

351 552 460 638 Quis,
473 550 545 624 nisi
564 547 789 638 Maeonides,
801 549 989 625 Venerem
1007 549 1250 650 Martemque
1268 552 1406 649 ligatos

401 666 552 751 Narrat,
572 665 610 738 in
628 666 807 740 obscoeno
824 688 985 764 corpora
1001 689 1140 763 prensa
1157 669 1267 742 toro?

352 783 478 868 Unde,
498 781 569 855 nisi
587 781 726 854 indicio
745 780 872 876 magni
890 781 1074 856 sciremus
1093 781 1262 870 Homeri,

402 897 575 997 Hospitis
594 898 682 994 igne
699 898 795 971 duas
813 897 1017 972 incaluisse
1037 896 1166 972 Densi
1331 905 1405 974 380
1498 971 1499 974 ,

351 1013 477 1088 Omne
495 1038 615 1110 genus
634 1012 764 1111 scripti
784 1012 968 1109 gravitate
985 1013 1169 1109 tragoedia
1185 1015 1327 1092 vincit:

400 1128 495 1203 Haec
515 1151 669 1226 quoque
687 1129 883 1202 materiam
902 1149 1054 1225 semper
1072 1132 1208 1204 arnoris
1227 1133 1360 1207 habet.

352 1245 453 1319 Nam
471 1245 566 1343 quid
583 1245 621 1318 in
641 1241 864 1342 Hippolyto,
880 1242 952 1316 nisi
969 1266 1084 1318 caecae
1102 1245 1255 1338 flamma
1272 1272 1403 1323 nover-

401 1360 550 1435 Nobilis
568 1369 630 1434 eat
647 1357 800 1432 Canace
818 1357 944 1432 fratris
962 1383 1090 1435 amore
1108 1363 1178 1437 aui.
1303 1365 1403 1460 [cael

351 1476 480 1562 Quid?
507 1501 582 1550 non
601 1474 833 1560 Tantaliden,
854 1474 1024 1571 agitante
1042 1479 1221 1576 cupidine
1239 1505 1387 1564 currus,

401 1594 564 1668 Pisaeam
582 1592 761 1690 Phrygiis
778 1591 885 1665 vexit
901 1593 1066 1666 eburnus
1085 1595 1221 1691 equis?
1329 1601 1402 1670 386

252 1765 254 1772 .
349 1710 531 1806 Tingeret
549 1718 592 1783 ut
608 1707 747 1782 serrum
766 1719 942 1783 natorum
960 1712 1145 1806 sanguine
1161 1723 1295 1800 mater,

402 1825 589 1899 Concitus
606 1849 630 1899 a
646 1825 737 1897 laeso
755 1820 846 1898 lecit
863 1847 989 1898 amore
1007 1825 1134 1901 dolor:

354 1939 461 2016 Fecit
475 1964 581 2014 amor
598 1941 744 2014 subitas
762 1939 933 2013 volucres
952 1963 1038 2014 cum
1057 1941 1192 2040 p‘ellice
1211 1967 1353 2040 regem,

402 2057 574 2156 Quaequc
593 2081 704 2131 suum
722 2043 829 2152 luget
846 2079 946 2130 nunc
960 2079 1114 2155 quoque
1132 2071 1254 2134 mater
1273 2059 1376 2158 Ityn.

382 2283 439 2332 ott.
461 2281 567 2332 Vmorem
586 2283 728 2346 unumque
745 2281 846 2348 ligatae]
900 2293 937 2332 set
946 2301 953 2343 ;
970 2283 1025 2333 vide
1036 2285 1086 2334 lab.
1095 2284 1158 2352 tpud
1170 2285 1242 2334 Ouid.
1259 2285 1369 2334 Savium
1379 2293 1403 2334 et

351 2356 491 2414 atheneus,
508 2357 550 2408 lib.
566 2358 582 2406 i.
599 2373 652 2424 cap.
671 2359 714 2418 12;
731 2359 795 2414 item,
808 2358 850 2407 lib.
900 2356 967 2406 alios.
1000 2359 1066 2408 Inter
1077 2359 1201 2426 Sophoclis
1209 2359 1343 2424 tragoediaa
1353 2376 1404 2425 per·

350 2431 391 2480 xii.
408 2431 432 2480 in
450 2431 575 2498 principio,
592 2432 651 2480 satis
670 2430 768 2480 honeste
788 2430 849 2480 hanc
899 2431 970 2502 ditas,
982 2432 1141 2500 Hippodamia
1151 2443 1175 2483 et
1184 2436 1318 2484 (Enomaus
1329 2435 1404 2483 citan-

350 2506 455 2556 labulam
471 2507 653 2573 interpretatur;
670 2515 798 2562 cantorem,
812 2507 848 2554 in·
899 2515 946 2563 tur,
955 2523 1008 2572 quas
1020 2506 1080 2556 forte
1098 2525 1145 2557 una
1158 2509 1304 2572 eademque.
1317 2517 1343 2558 et
1358 2507 1403 2556 huc

349 2581 443 2647 quiens,
450 2580 515 2648 apud
521 2583 593 2631 Hom.
600 2581 688 2645 Odyss.
698 2586 726 2636 8,
735 2579 849 2628 Phaeacas
899 2581 1111 2646 spectarevidetur.
1124 2582 1243 2647 Euripidis
1249 2582 1325 2630 etiam
1331 2585 1404 2632 OEno·

349 2655 467 2708 dehortari
489 2641 590 2706 soluisse
611 2655 716 2704 urinalia
737 2654 850 2713 moribus,
901 2655 1299 2705 mausaFabriciononomittitnr.
1316 2657 1404 2705 Busa.

349 2731 436 2796 quibus
458 2731 606 2780 laborabant.
649 2729 720 2788 Quod
748 2737 772 2778 et
799 2729 851 2794 ipse
933 2729 989 2777 386.
1018 2729 1132 2792 Piscem]
1160 2729 1349 2794 Hippodamiam
1376 2745 1403 2778 er

350 2814 431 2853 auctor
441 2803 530 2854 fabule
537 2804 631 2853 videtur
641 2804 773 2868 significare
783 2819 851 2867 egre·
901 2801 1067 2858 Pisanivitate
1075 2803 1193 2852 Arcadio.
1216 2803 1330 2869 Phrygiis
1336 2807 1406 2868 qais.

349 2878 388 2943 gio
411 2877 455 2928 hoc
477 2878 672 2944 epiphonemate:
695 2879 747 2928 Oris
768 2877 852 2944 ἀρετᾷ
900 2876 977 2926 Psilla
992 2887 1016 2926 et
1033 2877 1148 2942 Hemina,
1160 2893 1219 2942 quos
1230 2891 1307 2940 equos
1317 2878 1405 2942 Pelops

349 2951 492 3018 anadipyo.
519 2951 567 3000 Adi
580 2960 605 3001 et
615 2951 737 3001 Plutarch.
755 2951 785 3000 de
795 2967 852 3017 poe·
902 2949 1311 3016 ePhrygiavenlenssecnmduxit
1330 2951 1405 3000 Elatr-

348 3026 522 3076 tisaudiendis.
902 3043 953 3075 nus.
976 3025 1181 3092 EburnusPelops
1189 3025 1405 3091 meaturapoetis,

381 3103 438 3152 380.
451 3099 608 3162 numum]
626 3098 732 3164 Calypso
740 3101 850 3150 etCirce.
902 3103 1013 3165 quoniam
1034 3101 1151 3150 Tantalus
1171 3101 1223 3166 ejus
1239 3111 1308 3166 pater
1324 3100 1405 3149 volens
1500 3107 1501 3142 l

381 3179 438 3226 383.
457 3177 518 3224 Nam
532 3177 587 3237 quid
601 3177 627 3222 in
646 3173 792 3238 Hippolyta]
811 3179 850 3224 De
902 3177 1008 3224 Deorum
1024 3185 1116 3225 tentare
1127 3175 1286 3230 divinitatem,
1299 3175 1335 3224 eis
1345 3173 1405 3224 invi·
1500 3179 1501 3190 ¹

349 3266 397 3314 quo
414 3251 470 3298 Eur.
486 3257 511 3298 et
526 3250 582 3298 Seu.
594 3246 734 3311 tragoedium
751 3248 850 3314 scripse·
900 3251 956 3300 tatis
964 3250 1039 3300 lilium
1049 3267 1117 3300 suum
1125 3251 1271 3316 epulandum
1280 3250 1405 3317 adposnit;

350 3333 412 3373 runt.
900 3339 970 3388 aquo
980 3339 1062 3372 omnes
1071 3324 1111 3372 Dii
1121 3323 1295 3382 abstinuerunt,
1303 3333 1404 3390 excepta

381 3398 438 3447 384.
457 3395 545 3444 Nobilis
562 3406 594 3446 est
618 3395 728 3458 Coraca]
752 3397 849 3445 Canace
899 3401 1055 3463 Cornaque
1066 3399 1191 3448 brachium
1201 3399 1254 3464 ejus
1264 3400 1404 3448 consumsit.

349 3488 378 3522 aa
388 3471 458 3521 fratre
469 3471 584 3520 Macareo
595 3470 669 3520 filium
679 3471 784 3537 peperit:
802 3486 849 3536 quo
898 3474 987 3523 Postea
1007 3473 1058 3530 Dii,
1079 3481 1185 3538 petente·
1195 3473 1307 3528 Tantalo,
1330 3489 1403 3538 quum

348 3544 438 3596 scelere
449 3553 577 3610 comperto,
587 3544 689 3612 seipsam
697 3546 767 3612 jussu
777 3545 850 3612 patris
898 3547 1028 3598 volnissent
1035 3548 1086 3612 ejus
1097 3546 1172 3595 filium
1181 3561 1293 3594 revocare
1303 3547 1335 3596 ab
1345 3547 1404 3596 inla-

348 3619 475 3669 intert'ecit.
516 3622 645 3670 Macareus
666 3620 766 3670 veroin
787 3629 848 3670 tem·
898 3621 940 3678 ris,
950 3621 1023 3672 Ceres
1031 3621 1053 3670 ei
1065 3621 1194 3668 eburneum
1202 3619 1326 3668 brachium
1338 3619 1403 3668 reati-

348 3694 414 3762 plum
427 3693 546 3761 Apollinis
557 3694 671 3760 Delphici
682 3696 796 3760 confugit.
898 3695 951 3745 tuit.
985 3694 1055 3755 Quod
1072 3693 1126 3743 ideo
1137 3693 1242 3758 lingitur,
1255 3693 1314 3758 quia
1331 3695 1403 3744 Ceras

381 3770 437 3818 385.
467 3769 547 3823 Quint
565 3787 610 3818 non
636 3768 789 3832 Tantalides]
819 3771 849 3818 ln
898 3770 950 3836 ipsa
966 3779 1002 3820 est
1018 3778 1087 3826 terra,
1104 3784 1158 3833 quia
1173 3783 1274 3834 corpora
1292 3769 1404 3818 universa

349 3841 507 3909 Peloponnesi
517 3841 624 3900 civitate,
632 3845 698 3894 Mare
709 3859 738 3892 ea
750 3843 850 3908 AEgina,
898 3844 1023 3901 consumit,
1035 3859 1088 3892 uma
1097 3851 1190 3892 tanturn
1202 3857 1334 3892 reservans.

348 3917 424 3984 Asopi
445 3917 503 3974 filia,
520 3916 603 3983 genuit
624 3919 780 3966 OEnomaum:
810 3917 848 3968 hic
932 3920 989 3968 388.
1001 3919 1020 3966 Α
1032 3915 1183 3979 known]
1203 3917 1243 3965 Ab
1255 3929 1338 3965 amore
1349 3919 1403 3966 Me·

349 3992 444 4042 unicam
455 3991 530 4042 filiam
546 3991 731 4057 Hippodamiam
748 3991 848 4054 habuit;
899 3993 951 4042 dee
962 3995 993 4042 ab
1004 3995 1019 4042 J
1022 4007 1092 4042 aeone
1103 3989 1199 4039 violato.

349 4068 419 4117 finem
432 4068 486 4118 vite
501 4069 531 4118 ab
547 4066 642 4116 oraculo
658 4065 795 4124 sciscitanti,
810 4083 848 4116 re·
931 4069 987 4118 389.
1014 4066 1157 4118 &clamor
1172 4065 1261 4112 notras
1277 4063 1402 4127 uolnera]

349 4157 461 4208 sponsum
478 4149 591 4199 eentum
606 4138 848 4192 latisillnmconces·
898 4141 967 4192 Terei
982 4137 1124 4204 tragaediam
1135 4135 1257 4200 intelligit.
1292 4138 1359 4187 Nota
1368 4147 1404 4188 eat

348 4233 438 4276 summ,
445 4231 518 4282 quum
525 4215 575 4266 lilia
585 4213 747 4280 Hippodamia
755 4217 849 4283 nupsis-
899 4215 982 4266 fabula
991 4213 1064 4264 Ovid.
1074 4211 1237 4278 Metamorph.
1248 4210 1293 4261 lib.
1300 4211 1334 4262 ri.
