2982 5118
251 423 323 489 ux
346 421 507 490 rouro
531 403 622 486 utu.
646 397 879 487 runnr'sr.
902 375 953 487 x.
1059 421 1125 487 51⁵

85 597 382 696 Partheniusque
399 620 529 696 rapax,
549 608 588 670 et
605 593 757 668 volvens
774 603 869 669 saxa
886 594 1064 695 Cynapes

129 712 305 802 Labitur;
335 725 373 788 et
390 715 493 788 nullo
510 713 652 788 tardior
663 736 773 787 amne
791 712 925 811 Tyras.
1077 717 1126 787 50

84 828 129 904 Et
140 841 194 917 tu,
214 830 387 904 femineae
405 829 644 904 Thermodon
659 827 809 924 cognite
827 839 981 919 turmae3

127 946 178 1020 Et
195 947 388 1045 quondam
408 946 545 1033 Graiis
565 945 695 1032 Phasi,
714 943 833 1045 petite
849 944 951 1020 viris.

83 1062 257 1160 Cumque
283 1061 535 1162 Borysthenio
557 1060 829 1160 liquidissimus
853 1085 963 1136 amne
983 1061 1125 1160 Dyras·

127 1177 178 1252 Et
195 1179 312 1254 tacite
331 1205 516 1279 peragens
532 1181 617 1274 lene
636 1177 856 1254 Melanthus
873 1179 957 1254 iter.
1026 1181 1124 1278 [pes‚

83 1293 233 1394 Quique
250 1295 346 1370 duas
363 1307 481 1372 terras
499 1296 630 1371 Asiam
645 1295 857 1394 Cadmique
874 1319 1038 1370 sororem
1078 1301 1126 1370 55

129 1410 303 1511 Separat,
322 1424 361 1487 et
377 1438 509 1488 cursus
526 1415 626 1488 inter
642 1425 841 1509 utramque
858 1411 960 1486 facit.

83 1527 350 1628 Innumerique
369 1531 443 1619 alii,
462 1555 558 1629 quos
577 1529 673 1603 inter
689 1528 876 1603 maximus
896 1549 1026 1602 omnes

130 1644 280 1720 Cedere
299 1646 496 1721 Danubius
515 1670 556 1720 se
572 1643 654 1731 tibi,
675 1643 920 1740 Nile„neget.
992 1665 994 1670 ’

84 1759 202 1859 Copia
219 1771 278 1836 tot
293 1763 462 1850 laticum,
481 1787 577 1861 quas
595 1771 720 1857 auget,
740 1759 925 1834 adulterat
942 1759 1075 1847 undas

128 1876 165 1950 N
167 1901 212 1951 ec
231 1878 374 1976 patitur
385 1880 482 1954 vires
501 1902 628 1977 aequor
645 1878 784 1952 habere
803 1901 904 1952 suas.
1079 1883 1127 1952 60

84 1989 179 2076 Quin
197 1994 316 2068 etiam
334 2005 467 2093 stagno
485 1995 629 2080 similis,
649 1994 843 2093 pigraeque
860 1993 1000 2093 paludi,

129 2108 327 2184 Caeruleus
344 2111 407 2184 vix
427 2120 497 2200 est,
515 2109 746 2208 diluiturque
761 2110 876 2184 color.

79 2429 179 2496 ὁρμίσας
188 2431 214 2492 ἐς
224 2433 272 2483 τὸν
283 2431 389 2495 ntum
400 2435 523 2500 ποταμόν·
540 2433 582 2484 ubi
631 2435 685 2490 bus,
695 2431 815 2497 cognitum
822 2430 916 2490 tuisse:
934 2428 1047 2497 quirillus
1061 2430 1131 2496 juxta

79 2504 189 2555 describit
196 2507 315 2556 hmachi
325 2509 427 2558 classem
437 2509 527 2576 impetu
536 2510 581 2559 llu-
632 2523 687 2557 eum
697 2506 794 2556 fluvium
805 2504 952 2554 habitabant.

80 2577 110 2626 vii
118 2580 241 2630 emissam
391 2599 395 2607 ’
664 2585 704 2633 52.
723 2583 873 2644 thrwudasrs
884 2580 971 2638 Graiis,
982 2580 1061 2637 Phasi,
1069 2582 1129 2642 peti·

109 2655 150 2703 48.
167 2655 269 2719 Halys]
288 2655 365 2720 Halys
381 2655 467 2706 fluvius
484 2667 520 2707 est
539 2657 580 2708 de·
631 2656 738 2720 resim]
755 2655 840 2704 Phasis
850 2655 933 2720 ingens
940 2655 1027 2704 fluvius
1035 2661 1078 2712 est,
1088 2655 1130 2718 qui

79 2743 173 2778 currens
183 2745 198 2778 a
207 2729 331 2780 radicibus
337 2730 410 2780 Tauri
420 2748 462 2799 per
469 2731 580 2782 Cataoni·
631 2731 771 2783 Colchidem
783 2731 899 2788 illabitur,
911 2736 1035 2795 ortumque
1043 2745 1073 2779 ex
1083 2729 1130 2780 Ar·

79 2818 117 2851 eru
131 2803 368 2870 Cappadociamque,
376 2815 404 2854 ut
414 2805 495 2854 scribit
506 2806 581 2856 Plini·
631 2803 793 2855 meninduuit.
827 2804 978 2853 Graiisuirs's.
1005 2803 1129 2868 Argonau-

77 2893 113 2926 us.
148 2875 227 2928 Croesi
237 2876 309 2927 clade
320 2885 390 2928 notus
399 2885 446 2929 est.
631 2877 805 2943 tesintelligit:
823 2878 876 2942 lege
886 2875 1048 2942 Apollonium.

110 2953 327 3015 49.Portlserrius.]
347 2952 581 3002 Partheniusfluvius
663 2955 704 3004 6³.
722 2953 823 3016 Cumque
844 2951 1014 3015 Eurystheum]
1041 2951 1129 3016 Borys-

77 3035 113 3076 est
124 3025 317 3091 Paphlagonum,
328 3025 439 3076 Cerambi
449 3033 580 3093 promonto·
631 3028 723 3086 thanes,
754 3027 847 3084 fluvius,
878 3025 1008 3074 secundum
1042 3025 1130 3076 Istrum

77 3099 111 3148 rio
129 3101 261 3166 proximus,
274 3107 299 3148 ut
315 3099 397 3149 scribit
414 3098 520 3153 Plinius:
537 3116 579 3149 ca·
630 3101 735 3152 omnium
757 3101 881 3157 maximus,
904 3113 994 3165 pascue
1023 3101 1131 3165 praebens

77 3173 162 3238 ditque
173 3173 199 3223 in
210 3173 322 3222 Pontum.
631 3175 805 3234 umoeuissime;
822 3171 1131 3239 idemsdpotendumsus-

110 3248 160 3297 Vel
170 3249 229 3314 quia
239 3263 282 3314 per
295 3247 379 3296 florida
390 3246 508 3296 delabitur
519 3248 580 3303 locs,
631 3249 747 3300 tissimus.

77 3331 121 3370 snt
136 3321 252 3387 quoniam
259 3320 340 3370 Diana
350 3321 413 3370 circe
423 3319 490 3369 illum
499 3320 580 3369 venari
662 3326 702 3374 54.
721 3321 873 3386 Melanthus]
893 3321 1033 3372 Melanthus
1044 3321 1130 3374 fluvius

76 3393 212 3451 comiserit,
223 3395 259 3442 its
265 3393 352 3443 dictus.
373 3393 485 3442 Hennes.
630 3398 698 3448 estin
707 3397 811 3446 Pontum
822 3396 919 3446 lubens.

109 3472 152 3519 ⁵0.
171 3469 204 3517 Et
220 3471 288 3517 nullo
305 3471 393 3516 tardior
408 3485 473 3516 amne
490 3469 581 3534 Tyrus]
664 3473 704 3522 55.
722 3471 812 3534 Quique
828 3474 886 3520 duos
904 3470 1002 3536 tetrus]
1030 3471 1132 3522 Tanaim

76 3545 155 3611 Tym
177 3543 282 3609 Scythiae
304 3543 380 3592 amnis
405 3551 449 3599 est,
470 3542 495 3590 in
517 3558 582 3592 oram
632 3545 801 3612 designauqut
817 3554 885 3595 vasta
901 3545 989 3611 palude
1005 3547 1131 3612 profluens,

78 3620 150 3668 Ponti
167 3617 288 3668 sinistram
306 3618 420 3674 defluens,
435 3615 476 3682 qui
495 3617 581 3682 oppido
632 3622 656 3672 in
668 3619 873 3670 slismvastiorem
884 3618 1032 3676 diffunditur,
1040 3620 1132 3669 nomine

77 3709 165 3744 nomen
191 3691 323 3760 imposuit;
350 3691 457 3742 meminit
480 3691 583 3748 Plinius,
632 3695 750 3745 Maeotim.
785 3696 863 3743 Asiam
885 3694 1008 3758 Cadmique
1028 3710 1131 3742 eororam

75 3769 117 3818 lib.
130 3769 163 3816 ir.
632 3767 736 3836 Exponit
749 3783 803 3832 quse
817 3768 864 3818 sint
873 3767 910 3816 hae
922 3766 976 3816 duae
987 3775 1062 3822 terrm,
1073 3780 1133 3830 quas

109 3846 153 3892 51.
167 3843 200 3891 Et
210 3839 361 3904 tu,semiueoe
370 3839 581 3902 dilemmate]
631 3842 718 3893 Tanais
726 3851 829 3906 separat.

73 3915 230 3967 Thermodon
250 3913 337 3962 fluvius
354 3921 390 3962 est
407 3912 450 3978 qui
472 3929 486 3962 s
505 3921 584 3960 monte
665 3919 705 3968 56.
722 3915 790 3964 luter
808 3914 948 3979 utramque]
973 3914 1039 3964 Inter
1057 3911 1133 3960 Eum.

75 3991 191 4042 Armenio
208 3988 332 4045 dilabitur,
348 3997 419 4053 etque
435 3987 491 4036 inde
509 4003 583 4051 usque
632 4007 688 4056 pam
700 3999 724 4039 et
734 3989 827 4048 Asiam,
838 4005 897 4056 quas
910 3988 961 4053 ipse
972 3987 1058 4038 Tanais
1071 3983 1132 4033 divi-

76 4068 107 4116 sd
118 4067 258 4116 Amazones
273 4061 346 4112 celeri
363 4080 432 4113 cursu
450 4061 583 4128 proripitur.
633 4065 677 4124 dit,
689 4073 715 4114 ut
725 4062 838 4114 diximus.

77 4143 147 4193 Unde
163 4142 204 4191 hic
222 4145 295 4206 poeta
304 4137 479 4188 Thermodonta
496 4134 583 4184 dicite
666 4142 706 4190 59.
731 4134 970 4200 Adrumetinus]
998 4131 1134 4199 Corrumpit

75 4221 145 4269 turbs
164 4216 283 4270 semines,
294 4212 339 4262 hoc
356 4223 402 4272 est¹
415 4213 445 4264 ab
458 4208 583 4260 Ammoni-
633 4223 658 4263 et
667 4218 744 4263 mutat
754 4212 826 4261 maris
837 4221 951 4261 naturum.

732 4285 804 4336 Lea
