2972 5110
373 409 440 478 496
667 408 706 475 Ρ.
729 407 892 476 ovlnn
917 407 1128 476 NASONIS

375 584 528 683 Quique
545 593 630 658 tuas
648 582 788 682 pariter
804 583 992 682 lacrymas
1009 595 1235 684 nostraeque
1251 587 1396 674 videret,

422 701 607 777 Pessuros
625 725 776 800 poenam
794 701 966 776 crederet
982 724 1066 776 esne
1084 701 1192 777 duce.
1365 708 1406 778 26

373 819 514 896 Lenem
531 828 570 894 te
587 817 734 893 miseris
752 817 883 916 genuit
900 830 1048 905 natura,
1066 841 1136 892 nec
1155 817 1222 892 ulli

421 934 554 1011 Mitius
572 933 778 1032 ingenium,
797 957 912 1032 quum
929 933 1012 1020 tibi,
1029 933 1160 1021 Brute,
1178 934 1308 1010 dedit:

373 1051 439 1140 Ut,
458 1052 524 1151 qui
542 1051 634 1151 quid
652 1050 777 1126 valeas
795 1051 942 1150 ignoret
959 1049 1085 1126 Morte
1103 1050 1256 1138 forensi,

421 1167 542 1243 Posse
560 1177 626 1242 tuo
644 1167 772 1266 peragi
788 1167 853 1241 vix
870 1177 981 1265 putet
998 1192 1062 1244 ore
1080 1191 1178 1243 reos,
1363 1171 1404 1240 30
1458 1213 1459 1248 ÷

372 1283 529 1358 Scilicet
545 1283 716 1382 ejusdem
734 1293 804 1368 est,
824 1284 996 1381 quamvis
1013 1307 1183 1382 pugnare
1200 1283 1357 1370 videtur,
1458 1323 1459 1366 1

424 1398 669 1498 Supplicibus
687 1397 850 1486 facilem,
870 1399 1041 1472 sontibus
1060 1423 1145 1474 esse
1161 1411 1328 1489 trucem;

373 1514 500 1600 Quum
516 1515 587 1590 tibi
604 1524 785 1613 suscepta
800 1523 860 1589 est
877 1515 972 1611 legis
990 1515 1157 1590 vindicta
1174 1539 1326 1604 serene,
1458 1553 1459 1604 g

422 1631 549 1706 Verba
564 1631 667 1706 velut
682 1630 843 1704 tinctum
861 1629 1011 1728 singula
1027 1630 1127 1706 virus
1145 1631 1303 1707 hubent.

374 1746 559 1824 Hostibus
576 1747 737 1836 eveniet,
756 1771 872 1847 quam
891 1747 943 1820 sie
960 1747 1146 1822 violentus
1163 1747 1204 1822 in
1222 1749 1333 1824 armis
1365 1749 1405 1819 35
1458 1719 1459 1768 ³

424 1863 586 1952 Sentire,
603 1874 644 1940 et
659 1864 796 1962 linguae
813 1864 892 1937 tela
907 1862 1033 1938 subire
1051 1872 1146 1953 tuae3
1458 1859 1459 1872 ’

372 1980 467 2066 Quae
484 1979 552 2054 tibi
570 1990 648 2054 tam
666 1981 771 2055 tenui
788 2003 880 2054 curu
896 1980 1086 2066 limantur,
1105 1989 1149 2052 ut
1165 2003 1299 2055 omnes

421 2094 537 2172 Istius
555 2095 748 2192 ingenium
762 2096 929 2198 corporis
946 2121 1031 2172 esse
1049 2107 1202 2193 negent.

372 2212 437 2300 At,
457 2210 489 2286 si
508 2235 621 2311 quem
639 2213 726 2288 laedi
744 2212 894 2289 fortuna
911 2212 1033 2290 cernis
1052 2211 1195 2311 iniqua,

423 2327 576 2402 Mollior
592 2338 652 2406 est
669 2329 795 2404 animo
811 2329 950 2406 femina
967 2330 1073 2403 nulla
1089 2340 1168 2403 tuo.
1366 2332 1407 2400 to

374 2439 458 2520 Hoc
477 2469 548 2542 ego
565 2445 755 2545 praecipue
773 2446 887 2534 sensi,
903 2469 1022 2544 quum
1038 2468 1178 2543 magne
1194 2469 1359 2522 meorum

424 2561 609 2638 Notitiam
626 2586 713 2662 pars
731 2572 791 2638 est
807 2561 974 2637 inficiata
990 2561 1078 2638 mei.

371 2675 575 2754 Immemor
591 2677 754 2766 illorum,
772 2679 887 2754 vestri
906 2703 980 2754 nou
997 2677 1194 2754 immemor
1211 2701 1387 2779 unquam,
1458 2741 1459 2756 ,

422 2793 497 2879 Qui
514 2795 614 2870 mala
630 2795 782 2872 solliciti
800 2805 929 2872 nostra
944 2794 1110 2882 levastiS,
1130 2817 1207 2869 ero.

372 2909 424 2985 Et
440 2911 557 3010 priuS,
575 2913 651 2986 heu
670 2914 778 2988 nobis
797 2913 953 2987 nimium
970 2911 1227 2986 conterminus
1242 2909 1251 2982 l
1282 2908 1375 2982 Ister
1458 2977 1459 2982 ,

373 3125 376 3132 Ι
422 3025 468 3101 In
485 3035 601 3128 cap‘ut
619 3027 770 3104 Euxino
788 3031 836 3106 de
853 3053 956 3106 mare
971 3037 1095 3104 vertet
1113 3026 1205 3116 iter3
1366 3024 1408 3096 46

373 3141 503 3242 thue
520 3144 723 3244 Thyesteae
739 3147 895 3221 redeant
912 3145 944 3219 si
962 3155 1133 3244 temporo
1148 3165 1306 3229 menete,

422 3259 521 3335 Solis
539 3262 588 3336 ad
607 3259 708 3336 ans
726 3287 857 3338 currus
876 3271 1008 3357 agetur
1026 3283 1166 3358 aquus;

401 3459 442 3508 30.
460 3459 525 3508 Pnoe
540 3461 641 3526 peragi]
659 3463 733 3513 Poene
754 3462 870 3512 dementi.
921 3467 1039 3510 tenuntur
1059 3468 1085 3509 et
1111 3467 1232 3526 parentur.
1280 3459 1334 3508 Tm
1355 3455 1409 3504 tend

370 3533 601 3586 Remenimdicitur
609 3537 869 3604 pcmgi‚qnurnelicu·
919 3549 987 3584 euro.
1021 3535 1082 3583 Tem
1105 3532 1188 3582 subtili
1211 3531 1342 3598 diligentie
1383 3527 1409 3576 [lt

364 3609 406 3674 jun
419 3607 557 3673 eloquentie
570 3609 706 3660 demuntur.
742 3613 783 3660 Vin
795 3623 870 3674 putet.
919 3614 1068 3659 minius
1079 3612 1205 3674 ingenim
1238 3609 1276 3658 Ut
1286 3621 1370 3663 omns,
1380 3604 1409 3652 in·

368 3680 417 3732 Vix
430 3680 562 3732 exintimct:
581 3684 638 3748 quin
649 3683 731 3734 vident
743 3693 768 3734 tc
784 3693 869 3735 nature
919 3684 980 3750 quit,
992 3684 1135 3734 arbitrentur
1150 3697 1198 3732 non
1212 3682 1238 3732 id
1252 3683 1304 3732 fieri
1317 3691 1356 3732 tno
1366 3695 1409 3729 cnr·

368 3756 451 3806 mitem
461 3764 487 3805 et
496 3755 562 3822 pium
570 3757 668 3807 minoris.
691 3759 796 3809 Tuom.
816 3760 868 3811 Tne
919 3775 984 3824 pore,
995 3767 1020 3808 et
1035 3758 1139 3808 humano
1155 3757 1261 3823 ingenio,
1275 3757 1317 3808 ned
1333 3756 1410 3806 viribus

367 3828 511 3896 eloquentie.
919 3842 944 3882 et
954 3833 1050 3898 ingenio
1060 3832 1149 3882 divino.

400 3906 441 3954 ³4.
465 3904 557 3954 Hom
578 3907 642 3954 uelut
663 3908 727 3954 uim
748 3906 867 3971 tinctu...]
950 3909 990 3956 4⁷.
1010 3906 1086 3972 thue
1097 3907 1212 3970 'ligatae
1228 3909 1323 3956 radent
1336 3909 1408 3955 nua-

367 3982 403 4030 Ex
420 3995 468 4046 quo
483 3995 570 4044 magne
585 3987 622 4030 est
638 3978 691 4028 leun
709 3981 786 4038 Bruti,
802 3983 866 4046 quod
916 3995 974 4041 paru
986 3981 1089 4044 mm]
1107 3983 1178 4038 Ante,
1190 3980 1288 4031 renent
1301 3989 1326 4030 et
1335 3975 1409 4030 llelni·

367 4063 434 4104 tnnte
448 4062 485 4104 ent
499 4055 551 4120 ejus
566 4051 866 4120 eloquentia,ntineccu·
916 4055 995 4116 cunin
1023 4055 1093 4105 multi
1121 4055 1172 4114 elii,
1200 4057 1285 4120 Atqu.
1330 4053 1410 4120 Opim

366 4128 446 4180 sanus
460 4129 506 4178 rein
521 4129 617 4194 cingula
627 4129 700 4178 verba
714 4128 762 4177 nint
771 4130 805 4178 itn
815 4129 867 4178 elil·
915 4129 1097 4196 configendum:

366 4203 441 4260 cncia,
452 4210 479 4252 ut
489 4202 614 4254 videentur
624 4219 716 4254 veneno
726 4201 796 4252 'illiue
951 4206 1018 4259 Ante,
1032 4204 1144 4270 ligem
1154 4207 1252 4256 redeunt
1265 4221 1306 4255 oen
1321 4213 1409 4264 mm

399 4273 440 4328 37.
473 4278 529 4332 Quc
559 4279 693 4342 limonium]
729 4279 790 4336 Qun
818 4279 865 4328 tole
980 4295 1068 4336 nunu,
