2972 5110
321 377 387 446 482
612 376 653 440 Ρ.
678 370 843 440 OVIDII
868 369 1080 438 NASONIS

322 552 433 627 Arcis
451 560 494 625 ut
510 549 650 625 Aetaeae
661 547 720 622 vel
738 533 893 632 eburna,
907 544 967 618 vel
985 567 1092 620 aenea
1108 553 1241 618 custos

374 665 521 742 Bellica
538 663 723 740 Phidiaca
739 672 815 736 stat
832 659 918 736 Dee
931 658 1033 734 sacta
1049 683 1185 748 menu3

323 783 511 860 Vendioat
523 792 565 855 ut
576 780 744 855 Calamis
761 777 925 864 laudem,
938 801 1035 874 quos
1047 775 1151 862 fecit,
1163 796 1376 872 equorum

377 900 432 974 Ut
449 896 582 973 similis
600 921 698 974 verae
716 919 832 971 vacca
849 892 1023 993 Myronis
1040 917 1160 990 opus;

326 1013 390 1089 Sic
406 1039 476 1112 ego
490 1039 576 1115 pars
591 1037 715 1088 rerum
733 1036 808 1086 non
821 1010 968 1096 ultime,
982 1009 1113 1094 Sexte,
1126 1017 1292 1090 tuarum,
1328 1005 1379 1076 35

373 1130 596 1230 Tutelaeque
614 1130 711 1205 feror
728 1151 864 1203 munus
882 1147 1056 1225 opusque
1073 1134 1160 1197 tuae.

644 1605 971 1684 EPISTOLA
1005 1605 1059 1678 ll.

732 1791 966 1860 *suvnltn

330 1955 452 2041 Quen
471 1953 578 2050 legis,
597 1976 619 2024 o
636 1960 741 2026 vates
759 1970 981 2048 magnorum
998 1946 1164 2022 maxime
1183 1971 1329 2045 regum,

379 2070 493 2145 Venit
510 2069 557 2143 nb
576 2066 734 2141 intonsis
753 2090 887 2164 usque,
908 2065 1059 2152 Severe,
1080 2062 1203 2138 Getis.

362 2289 403 2338 ³1.
414 2289 481 2337 Arois
494 2297 522 2336 nt
533 2287 636 2351 Aetam]
653 2283 752 2336 Phidias
768 2301 829 2351 prn-
877 2284 933 2333 dem
950 2291 1038 2334 sortem
1055 2297 1125 2330 nemo
1140 2279 1198 2330 setis
1215 2297 1280 2331 nuuc
1297 2283 1382 2348 lugere

330 2371 366 2413 ter
380 2363 473 2419 lovem.
489 2360 546 2412 lecit
562 2368 587 2410 et
604 2375 635 2410 ex
652 2361 722 2409 ebore
738 2357 830 2408 Miner·
877 2365 963 2426 potest.

331 2451 386 2488 sem
396 2435 509 2494 Athenis,
518 2443 543 2485 et
561 2451 590 2484 es
607 2449 653 2484 ere
671 2443 722 2484 tsm
737 2431 829 2484 eximius
911 2432 952 2482 tt.
966 2431 998 2480 Ut
1008 2432 1088 2479 ossilir
1098 2429 1177 2493 vere]
1186 2431 1227 2478 De
1238 2431 1342 2496 Myrone
1353 2447 1382 2480 se

330 2507 524 2578 pulchritudinis,
538 2518 564 2558 nt
583 2524 598 2558 ι
613 2509 687 2557 lorme
701 2523 831 2573 cognomen
879 2506 931 2572 ejus
941 2519 1016 2554 vaces
1029 2503 1101 2553 etium
1113 2503 1207 2552 Plinius
1218 2505 1310 2560 scribit.
1344 2507 1381 2554 δι’·

331 2585 461 2652 mceperit.
495 2585 534 2634 De
551 2581 638 2649 quibus
653 2581 692 2632 hio
707 2591 778 2648 poete
794 2583 830 2631 in·
880 2581 941 2628 erilis
959 2595 1024 2628 uere.
1040 2575 1129 2626 Similis
1145 2591 1226 2626 norm
1248 2577 1381 2628 rim—ln

331 2659 426 2724 telligit.
465 2657 520 2708 Fuit
544 2664 568 2707 et
595 2657 621 2706 in
645 2673 699 2706 eree
723 2657 830 2707 Athene·
881 2667 979 2702 raecum
991 2650 1235 2717 Myronimmunii,
1246 2651 1383 2702 Eleutherio

331 2750 383 2784 rum
402 2732 518 2782 Minervrs
539 2731 703 2787 simulacrum,
726 2729 757 2781 de
783 2747 831 2797 quo
881 2727 940 2782 neti.
951 2742 1032 2776 vscesr
1048 2725 1109 2775 vive
1127 2725 1285 2786 simillimum,
1299 2727 1382 2776 bellis·

332 2807 397 2857 lame
407 2805 533 2863 increbuit.
544 2805 608 2871 qnod
619 2804 650 2855 de
664 2805 726 2854 eoeln
736 2803 830 2856 oecide-
879 2802 940 2851 simu
960 2809 1017 2850 sunt
1040 2801 1211 2866 epigrummsta
1237 2801 1263 2850 in
1282 2802 1383 2852 Anthol.

332 2883 371 2931 rit.
880 2874 1148 2942 Epigr.Gree.lib.is.
1172 2875 1290 2926 Hsnurs.

365 2955 465 3020 Aetam]
478 2955 533 3004 lue.
541 2953 702 3011 Atheniensis,
708 2954 739 3002 nb
747 2953 831 3003 Acten

332 3029 407 3096 primo
427 3045 481 3094 rege
501 3027 526 3077 in
541 3042 572 3077 es
590 3029 762 3093 regionesque
777 3035 831 3094 post
913 3027 928 3056 ⁹
939 3024 1059 3088 Ssvsnn]
1072 3024 1129 3073 Duo
1138 3023 1235 3072 luerunt
1245 3033 1382 3089 poetam·

332 3103 415 3153 Attiou
433 3103 555 3152 nominate
567 3109 613 3162 est,
623 3119 647 3152 r.
664 3102 767 3152 Psussu.
778 3101 796 3150 i.
808 3103 832 3150 2.
883 3099 946 3149 mine
965 3098 1060 3160 Severi;
1081 3099 1142 3148 ulter
1157 3097 1256 3148 Cassius
1272 3099 1383 3160 Senem

332 3194 357 3243 p.
372 3179 396 3226 7.
415 3185 456 3228 sut
474 3177 505 3226 ub
522 3175 588 3243 ἀκτῇ
605 3175 692 3226 littore.
719 3178 832 3226 Hsnuss.
882 3174 1017 3224 Parmensis
1033 3172 1171 3239 patuit,qui
1187 3171 1212 3220 iu
1226 3173 1280 3222 scie
1292 3175 1382 3242 Pnilip-

335 3251 414 3300 cuso
424 3253 513 3300 bellios.
531 3251 585 3300 Dea
594 3249 653 3300 belli
663 3249 783 3308 Mitteret,
794 3266 831 3300 sr-
881 3251 936 3316 pica
953 3265 996 3316 pro
1012 3248 1096 3298 Cestio
1110 3263 1138 3296 tc
1157 3247 1234 3296 Bruto
1249 3251 1381 3313 pugnus-it:

334 3323 398 3374 cium
409 3335 489 3374 eustos
499 3331 523 3373 et
533 3339 629 3389 prmus.
881 3323 1055 3374 moxAthenss
1068 3320 1243 3379 seseeontulit,
1253 3323 1382 3374 nbisvn-

327 3397 329 3400 ’
367 3399 409 3448 ³2.
432 3397 505 3461 Stat]
526 3398 582 3446 Non
598 3396 675 3455 sedet,
692 3395 735 3447 sed
753 3405 833 3446 erecte
881 3398 924 3454 rio,
939 3396 1037 3447 consilio
1053 3403 1126 3461 etque
1143 3394 1260 3444 instinctu
1271 3396 1383 3464 Augusti,

333 3481 359 3522 et
368 3479 434 3522 stunt
445 3471 521 3536 posita
536 3471 588 3520 fuit.
622 3471 698 3521 Manu
711 3471 832 3522 Phidiam.
881 3472 973 3522 occisus
987 3469 1089 3520 dieitur:
1106 3469 1137 3519 de
1151 3485 1200 3535 quo
1213 3470 1261 3520 ltoc
1276 3471 1331 3522 loeo
1344 3475 1380 3523 in-

334 3547 412 3597 Mttru
425 3544 517 3596 Puluis
528 3543 688 3604 Atheniensis,
700 3545 740 3611 qui
755 3545 834 3595 floruit
883 3545 958 3610 telligi
972 3561 1018 3595 nnn
1034 3552 1123 3610 potest,
1133 3544 1230 3608 quando
1241 3545 1295 3596 lune
1305 3550 1381 3613 proxi-

334 3618 470 3686 olympitde
480 3617 627 3682 octogesimo
636 3625 729 3683 qnurtu.
740 3619 834 3670 circiter
883 3635 921 3668 mo
934 3629 990 3669 unte
1000 3618 1104 3683 Augusti
1118 3617 1209 3667 obitum
1220 3635 1286 3669 suno
1296 3622 1382 3688 serious

335 3693 501 3744 tercentesimo
512 3691 626 3741 Romam
638 3691 703 3742 urbis
713 3707 784 3742 enno.
883 3702 946 3744 sunt.
968 3695 1055 3758 Neque
1062 3693 1134 3742 etiem
1142 3691 1307 3744 celebraturus
1314 3705 1382 3761 poete

366 3770 408 3820 33.
425 3768 536 3817 Vendieut
548 3777 576 3814 ut
589 3765 710 3829 Culum]
729 3766 834 3816 Celumis
883 3768 976 3818 ridetur
992 3783 1056 3826 euru,
1067 3783 1139 3833 quem
1149 3764 1276 3832 Augustus
1288 3769 1383 3820 odisset.

334 3842 372 3896 sui
393 3841 505 3908 temporis
525 3842 634 3906 egregius
655 3840 755 3890 artilex:
778 3841 834 3892 lecit
884 3841 952 3892 Alter
973 3841 1018 3892 luit
1038 3839 1162 3892 Cornelius
1181 3841 1294 3901 Serenus,
1313 3853 1383 3910 poem

334 3917 399 3970 enim
411 3915 538 3982 quadrifluo
551 3916 653 3966 maxime
668 3916 787 3977 celebrem
803 3915 834 3965 de
884 3915 975 3982 opicus.
989 3916 1020 3965 de
1036 3932 1084 3981 quo
1098 3914 1208 3964 meminit
1223 3915 1329 3973 Quintil.
1344 3918 1383 3966 Iu·

335 4008 385 4058 quo
404 3991 504 4048 Plinius,
524 3991 566 4040 lib.
584 3989 665 4041 xxxiv.
684 4007 738 4057 cup.
753 3993 777 4040 t.
795 3989 835 4038 ubi
884 3991 933 4040 stit.
944 3993 1013 4041 Ortt.
1020 3990 1063 4038 lib.
1071 4008 1095 4039 x.

335 4065 438 4132 legenda
458 4076 514 4115 sunt
536 4065 635 4117 humani
656 4065 744 4130 ingenii
764 4064 834 4113 mirs-
920 4067 941 4114 l.
955 4065 1020 4114 Vates
1028 4079 1162 4129 nug-norun
1175 4065 1273 4112 nuxiae
1282 4064 1381 4126 must]

338 4141 402 4197 cula.
422 4140 510 4204 quibus
528 4140 642 4191 inclaruit
662 4140 758 4190 omen
783 4138 835 4197 illa,
884 4137 959 4190 Multi
985 4155 1015 4188 ex
1038 4136 1141 4202 antiquis
1165 4141 1262 4186 mrim
1286 4155 1382 4202 regu-3

337 4215 440 4264 omnium
458 4214 543 4264 ortium
561 4232 654 4282 parens,
670 4213 738 4279 cujus
757 4212 834 4263 inlun-
885 4215 970 4278 probe:
988 4211 1049 4263 inno
1059 4211 1128 4274 Eleg-
1139 4209 1227 4259 ult.9:
