3064 5104
364 335 507 404 ARTIS
530 335 799 402 AMATORIAE
821 335 913 406 LIB.
938 337 987 402 II.
1175 341 1198 404 8

150 509 211 584 Da
228 510 390 584 reditum
409 532 538 608 puem,
557 509 658 584 senis
676 519 735 583 est
751 509 783 582 si
802 510 924 605 gratia
939 511 1043 587 vilis:

201 626 242 698 Si
260 650 335 700 non
352 626 408 698 vis
427 649 542 724 puero
559 648 726 723 parcere,
746 648 860 722 parce
876 626 970 698 seni.
1146 633 1196 702 30

149 739 308 814 Dixerat
325 741 419 814 haec.
439 739 508 812 sed
525 749 564 812 et
581 740 675 824 haec,
695 749 735 812 et
752 739 870 814 multo
889 740 998 838 plura
1013 741 1153 819 licebat
1182 815 1184 821 A

200 855 358 929 Dicere:
387 878 579 951 regressus
595 879 669 928 non
687 850 804 930 dabat
820 856 883 930 ille
902 857 993 931 viro.

149 970 260 1055 Quod
274 971 385 1044 simul
398 993 442 1044 ac
456 971 586 1056 sensit,
600 969 725 1058 Nunc,
739 971 763 1044 ὃ
776 995 888 1058 nunc,
902 971 1072 1058 Daedale,
1084 973 1193 1058 dixit.

200 1084 411 1172 Materiam,
431 1087 509 1182 qud
528 1085 579 1158 sis
598 1085 827 1182 ingeniosus,
846 1086 978 1162 habes.

151 1200 329 1276 Possidet
345 1225 393 1276 cn
411 1211 540 1286 terras,
556 1211 595 1274 et
612 1200 781 1298 possidet
799 1223 952 1298 aequora
970 1202 1117 1278 Minos:
1145 1205 1194 1278 35

201 1315 236 1388 N
239 1341 283 1391 ec
300 1318 412 1391 telius
425 1326 575 1404 nostrae,
594 1339 665 1390 nec
684 1327 788 1414 patet
804 1317 906 1392 unda
922 1315 1034 1414 suge.

152 1433 287 1508 Restat
304 1435 374 1508 iter
391 1434 507 1507 coelo:
535 1432 631 1506 coelo
648 1432 878 1508 tentabimus
895 1431 961 1506 ire.

202 1548 262 1622 Da
278 1549 425 1622 veniam
442 1559 580 1646 coepto,
598 1547 621 1621 J
625 1548 776 1647 uppiter
793 1548 880 1636 alte,
899 1571 997 1622 meo.

152 1661 239 1736 Non
256 1687 327 1760 ego
344 1665 508 1739 sidereas
527 1663 675 1738 adfecto
692 1675 846 1761 tangere
864 1665 987 1738 sedes.

200 1777 285 1862 Qua
301 1777 442 1876 fugiam
458 1779 652 1854 dominum
664 1779 778 1866 nulla,
791 1779 865 1856 uisi
879 1779 963 1866 ista,
977 1779 1038 1854 via
1053 1789 1124 1854 est.
1144 1781 1194 1850 40

151 1891 226 1968 Per
245 1894 367 1993 Styga
382 1896 492 1970 detur
511 1896 601 1970 iter:
633 1895 786 1994 Stygias
804 1895 1038 1970 tranabimus
1055 1894 1194 1968 undass

202 2009 287 2083 Sint
304 2011 394 2083 mihi
411 2021 553 2084 naturae
567 2012 654 2108 jura
670 2010 842 2085 novanda
859 2034 965 2086 meae.

151 2123 349 2221 Ingenium
373 2129 472 2200 mala
488 2150 592 2225 saepe
616 2137 777 2204 movent.
812 2126 898 2224 quis
917 2125 1088 2224 crederet
1112 2147 1191 2198 um·
1241 2127 1246 2136 '

198 2239 329 2315 Aerias
347 2243 536 2319 hominem
552 2267 707 2342 carpere
725 2267 837 2342 posse
855 2243 959 2318 vias?
1045 2241 1191 2339 [quatu

151 2353 365 2453 Remigium
383 2358 552 2432 volucres
568 2357 741 2456 disponit,
752 2358 791 2431 in
807 2357 938 2432 ordine
954 2379 1115 2456 pennas:
1141 2359 1190 2430 45

201 2469 251 2544 Et
268 2473 349 2548 leve
367 2497 434 2572 per
450 2475 515 2548 lini
533 2475 681 2549 vincula
698 2473 815 2548 nectit
831 2496 948 2572 opus:

151 2586 309 2684 Imaque
327 2611 414 2686 pars
431 2591 527 2664 ceris
546 2591 789 2686 adstringitur
806 2589 893 2685 igne
914 2587 1067 2662 solutis:

200 2701 422 2801 Finitusque
440 2729 543 2779 novae
557 2709 637 2804 jam
655 2707 760 2780 labor
777 2704 867 2780 artis
885 2713 977 2778 erat.

149 2817 352 2894 Tractabat
368 2843 570 2919 ceramque
587 2845 682 2921 puer
699 2843 919 2920 pennasque
936 2817 1123 2905 renidens

201 2931 362 3008 Nescius
379 2937 460 3010 baec
477 2937 642 3012 humeris
660 2961 764 3010 arma
781 2944 911 3035 parata
927 2933 1018 3008 suis.
1142 2935 1192 3008 60

150 3047 223 3121 Cui
240 3059 358 3147 pater,
376 3049 460 3138 His,
476 3052 611 3149 inquit,
626 3052 748 3152 patria
765 3061 825 3126 est
840 3049 1016 3125 adeunda
1031 3047 1189 3124 carinis:

200 3161 282 3238 Hac
300 3165 409 3252 nobis
427 3165 554 3240 Minos
572 3167 806 3264 effugiendus
824 3153 921 3264 opes

181 3397 221 3446 4⁵.
238 3395 268 3446 In
284 3397 364 3446 ordiar
374 3398 483 3462 pem]
502 3397 563 3448 Ata·
574 3400 644 3449 remi·
728 3400 769 3450 60.
787 3401 858 3448 Arum
866 3395 974 3462 parata]
994 3393 1107 3444 Francius
1120 3393 1194 3442 malc-

149 3469 215 3534 ginm
227 3485 322 3535 qnoque
340 3469 419 3519 Greci
436 3479 523 3522 vocant
538 3487 646 3522 nonnun-
695 3475 747 3530 bat,
765 3475 850 3532 vincta,
866 3480 894 3522 ut
909 3468 948 3520 bis
966 3477 1031 3518 terve
1051 3475 1128 3516 vocat.
1149 3465 1194 3523 vel,

150 3558 230 3606 quam.
251 3542 285 3592 sic
308 3542 437 3608 AErchylus
458 3545 646 3609 Agamemnone,
694 3547 817 3598 domam
828 3559 961 3614 perperam,
972 3541 1066 3592 adludit
1081 3540 1145 3591 enim
1163 3539 1195 3590 ad

149 3615 181 3666 de
198 3616 299 3674 Avibus,
318 3616 535 3683 στροφοδινοῦνται
555 3618 645 3685 mpi-
696 3619 867 3670 naviumarma
878 3618 1075 3673 voluminosa,
1087 3623 1114 3664 ut
1124 3629 1194 3664 voca·

149 3709 201 3757 γυν
217 3691 353 3757 impotem
368 3691 525 3759 δρεπόμενοι.
541 3692 647 3758 εἱριοίον
696 3695 866 3744 hantunam
885 3707 940 3749 mcx
959 3692 1062 3740 carinam
1082 3695 1153 3737 vocat
1172 3695 1197 3735 et

150 3770 247 3832 ποιοῦν
259 3765 379 3818 Lucium
391 3766 453 3818 dixit
467 3767 493 3818 in
503 3766 601 3818 Timone
615 3767 646 3818 de
696 3769 818 3832 remigium
831 3779 911 3832 aspra,
926 3773 952 3818 ct
966 3779 1026 3812 ran.
1039 3763 1079 3810 64.
1096 3762 1155 3810 vela.
1169 3766 1196 3808 nt

148 3840 284 3894 Mercurio:
308 3841 322 3891 ὁ
347 3843 394 3906 μὲν
419 3841 589 3903 ἅπελὴλυθιν,
615 3841 648 3901 ὣς
698 3839 778 3890 Greci
792 3839 861 3890 ὅπλα
877 3835 1105 3902 Hesiodtpyett.
1120 3831 1196 3899 Apol-

149 3912 220 3964 δοκεῖ.
235 3915 490 3982 Τκμοίρομαιγὰρτῇ
498 3913 648 3981 εἱρεοῐᾳτῡν
698 3914 747 3964 lou.
756 3913 775 3964 i.
788 3914 879 3968 aeaut
889 3912 963 3962 ceteri
975 3909 1074 3977 passim.
1082 3908 1147 3958 unde
1156 3922 1196 3988 ap·

152 3995 255 4054 περῦν.
267 3989 302 4039 sic
316 3997 342 4039 et
353 3992 445 4040 alarum
456 3993 576 4054 remigium
591 3990 646 4040 Vir·
696 4003 759 4038 mrt
774 3999 800 4038 ct
817 4001 935 4038 mmor·
950 3985 1052 4034 classem
1067 3990 1093 4032 et
1109 3977 1197 4030 simitu

151 4060 222 4124 gilius
237 4063 263 4112 in
276 4062 463 4112 boarcademde
480 4063 581 4113 Dadalo
600 4064 646 4112 Fa·
697 4059 775 4110 obvia.
808 4063 900 4111 Banu.

153 4134 217 4183 bula.
231 4135 322 4185 Harsa.
