2988 5116
373 379 439 448 884
653 382 704 447 .P.
729 381 892 447 ovlnll
916 381 1128 448 NASONIS

376 555 537 656 Quaque
550 579 621 654 ego
639 557 804 656 permisi,
820 580 974 655 quaque
988 570 1048 632 est
1062 581 1122 632 res
1143 581 1270 656 passo,
1281 581 1409 658 peper-

426 672 529 747 Usus
547 683 586 747 et
601 683 662 746 est
678 672 825 746 modice
843 671 1009 746 fulminis
1027 674 1113 770 igne
1130 674 1210 748 sui:
1323 675 1407 770 [cit;

375 789 456 864 Nec
473 788 601 875 vitam,
615 811 685 862 nec
704 813 809 886 opes,
829 813 900 864 nec
918 791 1059 864 ademit
1076 815 1189 889 posse
1206 791 1352 876 reverti,

424 905 467 978 Si
484 927 553 978 sua
569 928 637 1003 per
652 917 797 980 vestras
814 906 914 981 victu
931 907 981 980 sit
998 907 1053 980 ira
1069 931 1215 1005 preces.

372 1019 425 1095 At
441 1020 601 1118 graviter
618 1021 759 1096 cecidi:
780 1021 874 1121 quid
891 1023 992 1096 enim
1009 1022 1193 1108 mirabile,
1213 1021 1245 1094 si
1264 1022 1349 1120 quis

421 1135 456 1208 A
473 1134 569 1212 Jove
586 1159 786 1236 percussus
805 1161 879 1211 non
897 1137 980 1212 leve
996 1138 1130 1212 vulnus
1147 1139 1291 1212 habeti
1364 1143 1410 1210 50

372 1252 462 1352 lpse
480 1277 568 1326 suas
586 1262 628 1326 ut
641 1255 721 1352 jam
737 1255 834 1328 vires
852 1254 1039 1330 inhiberet
1056 1253 1239 1340 Achilles,

421 1367 544 1444 Missa
561 1393 692 1467 graves
710 1369 809 1444 ictus
828 1369 955 1445 Pelias
973 1371 1084 1444 hasta
1099 1369 1198 1444 tulit.

371 1482 562 1559 Judieium
581 1484 689 1559 nobis
707 1485 820 1581 igitur
836 1509 955 1583 quum
969 1485 1128 1558 vindicis
1146 1485 1257 1570 adsit,

422 1601 458 1674 N
461 1626 508 1676 on
526 1611 585 1677 est
602 1627 669 1677 cur
686 1613 753 1676 tua
770 1627 830 1676 me
844 1604 962 1700 janue
978 1625 1090 1676 nosse
1107 1612 1233 1698 neget.

374 1715 489 1792 Culta
506 1718 674 1816 quidem,
694 1717 824 1803 fateor,
844 1716 938 1792 citra
954 1739 1068 1814 quem
1086 1716 1232 1802 debuit,
1251 1715 1337 1790 ille:
1364 1720 1409 1788 55

422 1831 500 1908 Sed
517 1833 587 1907 suit
604 1834 642 1907 in
659 1834 745 1910 fatis
763 1834 835 1908 hoc
853 1857 1018 1932 quoque,
1038 1833 1162 1918 credo,
1182 1833 1291 1907 meis.

372 1947 408 2020 N
411 1971 455 2022 ec
472 1959 597 2026 tamen
615 1949 777 2026 officium
796 1951 914 2026 sensit
932 1951 1051 2046 magis
1069 1950 1187 2026 altero
1204 1959 1391 2022 nostrum:

422 2063 509 2152 Hic,
529 2067 617 2152 illic,
634 2077 758 2142 vestro
777 2068 849 2142 snb
868 2067 962 2142 Lare
980 2091 1129 2165 semper
1147 2089 1263 2139 eram.

372 2175 542 2281 Quaeque
560 2193 700 2258 tuaest
717 2183 860 2282 pietos;
881 2195 923 2260 ut
939 2196 980 2260 te
997 2208 1071 2258 non
1085 2182 1236 2258 excolet
1249 2183 1384 2280 ipsum,

419 2293 444 2368 J
446 2321 490 2372 us
507 2297 658 2397 aliquod
676 2311 802 2376 tecum
819 2301 941 2376 fratris
960 2301 1105 2376 amicus
1124 2302 1253 2374 habet.
1363 2301 1407 2370 60

371 2409 486 2501 Quid,
495 2415 609 2512 quod,
618 2425 660 2488 ut
670 2417 836 2491 emeritis
847 2417 1042 2493 reserenda
1051 2425 1111 2491 est
1121 2416 1241 2513 gratia
1250 2437 1405 2513 semper,

422 2527 486 2604 Sic
505 2542 562 2604 est
579 2529 736 2606 fortunae
754 2534 1004 2632 promeruisse
1021 2532 1121 2607 tuael

403 2685 442 2737 45.
454 2685 548 2751 Quoquo
562 2705 603 2752 ego
617 2691 717 2751 pernisi,
734 2690 795 2754 δια]
814 2690 866 2740 Hoc
917 2689 971 2740 Sive
989 2699 1021 2746 ts,
1039 2689 1090 2738 sive
1107 2688 1203 2737 lrstrem
1223 2685 1334 2742 solerem,
1348 2699 1406 2733 snm

369 2769 415 2817 est,
425 2761 532 2826 pepercit
542 2761 600 2811 mihi
612 2771 719 2820 eatenus,
731 2763 780 2812 sive
791 2779 866 2830 qusn-
916 2772 997 2814 umen
1008 2763 1051 2810 sub
1063 2770 1140 2812 vesun
1151 2761 1221 2809 Lsre.

370 2842 420 2883 tum
437 2851 511 2901 quum
524 2836 575 2902 ipse
595 2839 676 2886 merito
690 2847 763 2904 atque
780 2837 867 2888 delicto
949 2839 989 2888 69.
1000 2837 1098 2900 Quoque
1113 2845 1154 2884 sus
1167 2845 1199 2883 sss
1211 2834 1306 2897 picus]
1326 2835 1355 2882 Et
1369 2847 1405 2880 cu·

370 2921 423 2956 ruso
437 2908 686 2974 permisiillum,tu1n
702 2911 774 2961 etism
788 2925 866 2961 musa
913 2910 1017 2976 jusmodi
1034 2919 1090 2959 tuus
1104 2917 1140 2958 est
1156 2925 1222 2958 sinor
1238 2923 1298 2973 erge
1311 2908 1407 2956 insen.

370 2981 473 3047 quslitss
483 2999 553 3049 pesse
563 2991 606 3034 est.
632 2986 728 3034 Mrcrn.
917 2983 1029 3034 Ostendit
1047 2993 1136 3039 sutem,
1151 2982 1294 3032 Menullino
1313 2997 1338 3030 se
1353 2979 1404 3028 mi·

401 3057 442 3106 ⁵0.
456 3056 576 3121 Mose]
593 3059 633 3107 Ab
644 3058 762 3124 Augusto.
916 3073 972 3108 eum
992 3073 1044 3108 esse
1061 3057 1148 3106 debere
1164 3072 1238 3106 censs
1253 3055 1339 3110 burris,
1354 3067 1404 3118 qno·

402 3131 442 3180 5².
459 3131 557 3196 Pelion]
578 3132 654 3182 fluo
673 3131 775 3183 Achillis
793 3135 865 3184 frui-
916 3147 969 3180 curn
991 3147 1102 3196 mgnssn
1124 3131 1169 3179 sibi
1191 3129 1264 3179 inisse
1285 3125 1403 3178 smicitism

369 3217 423 3253 nes.
915 3204 993 3255 docet.

401 3279 444 3327 5³.
461 3278 580 3328 Judies'um
602 3281 719 3345 vindicio]
743 3281 865 3333 Judicium
948 3279 989 3328 lil.
1006 3277 1135 3341 Meu]
1152 3276 1244 3326 Amicis
1258 3277 1310 3342 jsm
1326 3273 1405 3324 iunctis

369 3349 451 3400 ultoris
466 3352 570 3419 Augusti
587 3355 702 3421 intelllge,
719 3356 782 3421 quod
800 3355 865 3407 ultus
914 3353 992 3402 officio
1008 3367 1065 3417 eigs
1081 3352 1193 3408 smissm,
1206 3357 1232 3399 et
1248 3361 1332 3416 postes
1345 3346 1403 3413 quie·

369 3423 413 3472 luit
431 3425 521 3476 crimen
533 3443 612 3476 meum
627 3427 812 3486 sdmissum‚me
829 3443 865 3477 rs·
914 3427 1050 3487 scentibus;
1071 3427 1110 3475 vel
1125 3425 1197 3474 vslde
1222 3423 1320 3474 meritis.
1344 3422 1403 3484 Vng.

369 3497 480 3564 legundi).
875 3539 877 3544 .
916 3501 1003 3566 θοοῖς.
1014 3502 1039 3550 ii.
1049 3501 1096 3552 65:

401 3571 443 3620 56.
456 3573 505 3621 Hoc
516 3575 621 3638 quoque]
633 3575 685 3624 Hoc
694 3575 776 3634 etism,
786 3583 813 3625 ut
823 3575 865 3626 do·
982 3575 1066 3624 Edure
1076 3576 1308 3638 corylissscunsun

368 3659 433 3693 mum
450 3653 516 3695 tuum
529 3647 607 3697 minus
619 3649 730 3706 colerem,
740 3665 812 3714 quern
823 3649 865 3700 de·
915 3657 943 3698 nt
958 3649 990 3698 sit
1003 3663 1100 3700 sensus:
1119 3646 1216 3712 quodsi
1231 3645 1263 3696 de
1275 3643 1401 3694 nobisbsne

368 3719 462 3768 berem:
479 3721 680 3785 quemadmodum
694 3721 766 3772 etism
782 3724 827 3773 luit
841 3725 866 3774 in
916 3721 1006 3773 meritis
1020 3723 1134 3774 debemus
1150 3736 1243 3785 semper
1260 3719 1357 3785 grstism
1371 3729 1401 3761 re·

368 3792 427 3842 meis
437 3792 499 3852 istis,
510 3801 538 3843 nt
550 3793 674 3860 relegeres.
746 3839 752 3848 .
915 3798 992 3858 ierre;
1008 3797 1167 3846 sdiortunssn
1177 3803 1244 3844 tusm
1257 3794 1400 3867 reuoeupec

400 3867 441 3918 57.
460 3867 508 3916 Nse
529 3877 603 3918 mmo
623 3867 743 3932 officiosis]
769 3869 820 3935 Ego
836 3887 866 3921 es
916 3869 977 3920 tinet
993 3885 1066 3920 novos
1087 3870 1176 3918 smicos
1197 3881 1291 3934 persus,
1307 3865 1371 3915 etim
1384 3874 1400 3906 fl
1466 3927 1467 3934 ἵ

369 3941 507 4008 scriptorum
518 3943 624 4008 vestigiis
633 3944 701 4008 lego:
914 3943 974 3994 nihil
988 3944 1018 3994 de
1036 3953 1059 3994 te
1076 3943 1153 3992 meriti
1169 3951 1233 4000 sunt,
1243 3941 1313 4006 qussi
1328 3940 1399 3987 innoti

402 4015 450 4064 Nsc
462 4025 537 4064 tows
551 4015 649 4080 effe-iuss
663 4018 730 4066 sssss't
745 4020 817 4083 mgis
829 4019 863 4067 ol·
914 4018 1001 4070 debere
1015 4016 1181 4068 Mensilinum
1194 4025 1292 4082 poetam
1307 4013 1349 4063 ribi
1363 4024 1397 4058 ω·

465 4101 515 4139 tero
527 4101 641 4140 mmm:
914 4109 970 4142 vum
992 4093 1095 4144 suricum
1112 4091 1250 4149 concilim,
1268 4103 1295 4140 et
1314 4086 1353 4155 ipo'
1370 4084 1398 4132 ἢ·

433 4163 488 4220 Hie,
497 4166 556 4222 illio,
567 4175 640 4215 oestro
654 4167 696 4215 sub
707 4165 768 4216 Lare
781 4183 865 4230 anper
914 4183 977 4218 rere.

465 4254 534 4288 mm·
946 4242 986 4299 62.
997 4241 1034 4290 ste
1044 4251 1075 4292 est
1087 4237 1263 4306 tonsorium]
1281 4239 1320 4288 sie
1333 4231 1360 4282 td
1372 4239 1398 4282 l²·
