3028 5116
313 455 316 463 ,
363 381 428 452 154
652 384 691 450 Ρ.
716 383 881 452 ovlull
904 384 1120 454 NASONIS

362 555 465 632 Nata
482 557 613 656 procul
633 555 788 656 Libyeis
806 559 937 632 aberat
954 559 1105 635 diversa
1121 562 1193 635 sub
1211 563 1303 648 oris,

412 671 495 744 Nee
512 683 662 769 poterat
676 672 744 747 fati
762 674 900 748 certior
917 697 1003 748 esse
1021 675 1109 750 mei.
1368 685 1421 752 20

361 786 613 885 Quocumque
638 787 867 886 adspiceres,
887 789 1013 864 luctus
1036 792 1280 890 gemitusque
1304 818 1419 868 sona·

411 901 626 1001 Formaque
643 928 719 978 non
737 905 843 980 taciti
862 905 1005 982 funeris
1023 907 1127 981 intus
1145 919 1241 982 erat.
1281 911 1416 1004 [bant;

362 1018 530 1106 Femina,
541 1020 685 1120 virque,
697 1045 783 1096 meo
793 1022 901 1121 pueri
917 1045 1072 1121 quoque
1087 1022 1218 1098 funere
1233 1036 1416 1112 moerent;

412 1134 535 1233 Inque
552 1136 665 1211 domo
683 1138 870 1236 lacrymas
888 1139 1051 1234 angulus
1067 1138 1191 1212 omnis
1209 1140 1341 1214 babet.

361 1251 402 1328 Si
420 1237 511 1327 lieet
527 1252 711 1353 exemplis
729 1254 767 1328 in
785 1279 900 1354 parvo
918 1256 1125 1351 grandibus
1141 1258 1208 1342 un',
1364 1265 1415 1332 25

410 1365 502 1442 Haee
520 1369 635 1444 iacies
653 1367 789 1467 Trojae,
808 1395 927 1468 quum
944 1381 1156 1470 caperetur,
1176 1384 1271 1447 erat.

359 1482 524 1583 Jamque
554 1486 805 1584 quiescebant
827 1511 939 1562 voces
964 1489 1236 1586 hominumque
1259 1511 1415 1563 eanum-

409 1599 593 1699 Lunaque
609 1613 813 1676 nocturnos
831 1604 910 1678 alta
926 1604 1083 1700 regebat
1101 1627 1242 1702 equos:
1305 1606 1412 1702 [que,

362 1713 471 1792 Hane
489 1740 561 1814 ego
579 1717 803 1815 suspiciens,
816 1729 856 1792 et
874 1720 922 1793 ab
941 1720 1012 1794 hac
1027 1719 1221 1818 Capitolia
1238 1743 1413 1806 cernens,

410 1831 505 1917 Quae
520 1844 647 1906 nostro
665 1832 804 1907 frustra
817 1836 953 1932 juncta
970 1833 1075 1908 suere
1095 1833 1200 1909 Lari:
1365 1841 1414 1908 30

361 1947 529 2022 Numina
545 1948 676 2022 vicinis
694 1949 905 2026 habitantia
922 1951 1089 2038 sedibus,
1109 1950 1278 2047 inquam,

409 2063 573 2163 Jamque
591 2065 710 2140 oculis
729 2087 923 2166 nunquam
940 2067 1083 2166 templa
1099 2066 1263 2141 videnda
1281 2069 1389 2153 meis,

361 2181 489 2278 Dique
508 2180 758 2278 relinquendi,
777 2195 874 2281 quos
892 2183 982 2257 urbs
1000 2183 1117 2256 habet
1134 2182 1211 2256 alta
1229 2181 1391 2268 Quirini,

392 2295 503 2370 'Este
521 2297 671 2370 salutati
686 2307 837 2398 tempus
855 2298 893 2371 in
911 2323 1023 2372 omne
1041 2297 1155 2388 mihi;

360 2411 410 2489 Et
427 2437 659 2512 quamquam
678 2438 760 2488 sero
778 2416 957 2514 clypeum
974 2426 1064 2514 post
1080 2414 1236 2488 vulnera
1253 2437 1378 2511 sumo,

408 2528 590 2604 Attamen
607 2529 704 2605 hanc
723 2531 819 2604 odiis
838 2542 1041 2606 exonerate
1059 2529 1206 2627 iugam3
1362 2533 1409 2604 36

391 2807 430 2856 19.
451 2805 536 2870 Nata]
555 2805 617 2856 nn·
632 2805 729 2864 Perille,
747 2823 801 2874 qna
820 2808 852 2858 ti·
905 2811 988 2872 optime
997 2805 1213 2868 muniendumque
1222 2805 1353 2868 regimme
1364 2802 1409 2850 Jb'·

355 2879 561 2932 manasticam
572 2890 656 2932 secuta
667 2881 752 2932 fuerat.
906 2899 985 2936 mm,
1016 2883 1135 2943 ceter-iqua
1167 2880 1210 2934 dii,
1240 2879 1339 2940 deeque,
1371 2878 1410 2938 qai

389 2957 430 3006 29.
461 2955 491 3004 Et
508 2957 583 3005 adbuc
606 2956 720 3018 Caua'toiiu
741 2957 855 3020 cernam]
907 2955 1056 3018 Capitolium,
1072 2968 1190 3014 urumque
1205 2951 1314 2998 incolitis.
1349 2949 1410 2997 Vale

358 3029 432 3078 ntea
446 3031 489 3078 bae
502 3029 856 3095 reponecumpluinqueanti·
906 3024 1227 3093 dieitergnetdiieetloeo.
1351 3027 1357 3036 “

301 3119 306 3126 ·
356 3102 856 3170 qnin,beceat,pnetquambnncndspexi:
935 3100 1065 3163 Smila]
1078 3095 1411 3165 vupmptenepummua,

355 3178 390 3226 nie
415 3178 552 3242 frequenter
577 3175 643 3240 loqui
669 3184 734 3224 amat
760 3176 856 3226 Noster.
906 3175 1030 3243 inquibus
1044 3174 1125 3224 Rem
1138 3172 1215 3238 penita
1225 3169 1409 3237 utinum

355 3251 447 3298 Henna.
907 3259 943 3300 ter
957 3251 1007 3300 alta
1022 3246 1134 3304 edificia,
1146 3246 1184 3296 vei
1199 3245 1304 3310 deniqne
1315 3253 1411 3310 prepter

388 3325 430 3372 30.
448 3323 503 3377 Qua
522 3331 596 3370 nostro
606 3321 725 3386 frustra]
749 3323 855 3380 Fnutn,
907 3323 1032 3390 imperium
1051 3321 1135 3388 (Triat.
1146 3321 1162 3370 i.
1174 3323 1198 3370 δ.
1209 3319 1264 3382 oe.)
1279 3319 1314 3368 nic
1334 3317 1409 3368 dicu.
1443 3321 1450 3328 '

356 3397 442 3463 inquit,
463 3395 520 3461 quia
541 3394 609 3444 nebia
635 3411 683 3444 nen
707 3395 854 3462 profuemnt,
907 3397 1200 3462 Quamquam?
1216 3393 1408 3456 uocumque

356 3486 430 3537 qnam
442 3469 569 3536 prasentia
578 3469 711 3526 numinum,
723 3487 753 3520 ea
763 3470 857 3521 iubebi-
907 3471 984 3538 ipnum
995 3471 1042 3521 buc
1053 3485 1129 3536 utque
1139 3468 1208 3520 uiuit.
1239 3465 1336 3516 Servius
1344 3466 1377 3516 ad
1386 3483 1411 3516 ι.

356 3542 671 3609 manantemque
686 3543 746 3594 tueri
761 3545 857 3595 debuin-
908 3547 1045 3611 AEuvirg.
1077 3544 1323 3606 autumnum
1333 3544 1410 3598 “aab

354 3627 399 3670 eet.
432 3617 857 3669 Larucredebantnreuatodiredo·
907 3623 1011 3686 0⁰,an
1025 3637 1065 3670 m
1081 3620 1146 3669 aiau
1162 3619 1254 3668 abusiva
1270 3618 1341 3666 etima
1357 3618 1411 3664 aitis

355 3709 414 3750 moa,
425 3692 512 3758 quibua
521 3691 588 3741 foena
601 3699 653 3741 erat
668 3707 749 3742 taceri
767 3693 821 3743 ideo
831 3701 856 3742 et
907 3697 1079 3744 wrainibatboe
1087 3694 1285 3755 witmundum.
1297 3689 1409 3740 bisunu.

355 3766 451 3816 haiam
466 3765 562 3815 nomine
580 3775 604 3814 et
621 3765 687 3816 iocus
705 3774 730 3816 et
747 3768 856 3818 universa
938 3771 979 3819 ³5.
997 3767 1128 3833 clypeum]
1148 3767 1255 3816 Deorum
1262 3763 1410 3832 presidium,

354 3839 527 3892 domunvneari
537 3849 619 3906 empta
634 3849 679 3890 ent.
696 3841 774 3892 Pom.
792 3843 855 3893 Vide
904 3843 1016 3908 clypeum
1034 3839 1150 3907 appellat.
1183 3838 1225 3888 Ad
1244 3837 1345 3888 tutelam
1369 3853 1409 3886 ve·

354 3913 649 3981 etGyiaid.Syutag.15.
903 3924 976 3964 auam
988 3916 1057 3966 eitius
1073 3924 1097 3964 et
1112 3913 1285 3969 antevulnera,
1296 3927 1339 3962 nen
1354 3919 1409 3960 ante

387 3991 428 4039 ³1.
447 3989 551 4038 Numina
565 3988 666 4051 vicina]
685 3988 770 4038 Jovem
782 3987 854 4053 Capi·
903 3990 1081 4040 damnationem
1108 4005 1186 4040 meam
1215 3987 1345 4050 coningere
1372 4001 1408 4033 ine

354 4064 462 4120 telinum,
479 4075 501 4112 et
520 4070 617 4112 cataros
635 4063 753 4126 designat,
770 4063 810 4127 qui
830 4061 855 4110 in
905 4065 1038 4128 oportebat,
1049 4072 1076 4112 ut
1090 4063 1120 4112 ab
1136 4061 1220 4112 euilin
1234 4075 1273 4110 me
1285 4073 1408 4110 eontana-

354 4137 633 4206 Capitoiiocolebantur.
666 4136 737 4186 Unde
749 4137 856 4187 Manlius
906 4137 982 4188 retia.¹
1003 4138 1083 4188 Ρυκτ.

354 4212 418 4278 apud
437 4211 530 4261 Limi.
549 4212 587 4260 16.
603 4210 636 4260 ita
654 4209 744 4275 inquit:
762 4210 857 4272 Jupiter
